2246 4016
182 260 231 338 60
369 288 546 368 urrunnu
574 291 627 340 uu
654 277 818 342 cnon:

399 464 592 533 CAPUT
625 465 783 536 XXII.

232 639 306 712 Suu
323 663 407 711 cum
420 638 494 712 haec
507 637 544 711 in
557 637 637 713 luco
650 652 825 738 aguntur,
839 634 1000 714 Achilles

181 751 317 826 litteras
336 781 498 859 seorsum
520 754 645 828 missas
657 752 723 826 sibi
737 781 757 826 a
771 753 1002 853 Clytemnesf

178 875 238 952 ¹trel
253 928 266 965 ,
283 901 368 972 cum
381 873 457 946 auri
471 899 607 976 magno
619 873 779 972 pondere
793 872 949 968 accepit,
961 873 1002 954 in

183 991 315 1092 quibus
345 992 378 1065 ei
405 993 515 1066 filiam
543 1009 650 1094 atque
677 1017 824 1065 omnem
845 991 1000 1070 domum

183 1134 283 1182 suam
295 1101 622 1185 commendaverat.
638 1112 728 1208 Quae
735 1124 927 1209 postquam
938 1164 950 1202 ,
962 1124 1001 1184 et

182 1227 324 1328 Ulyssis
337 1227 526 1302 consilium
540 1229 762 1327 patefactum
774 1243 846 1320 est,
859 1227 1000 1302 omissis

182 1346 371 1441 omnibus,
385 1375 540 1454 propere
549 1351 595 1422 ad
608 1348 730 1425 lucum
744 1347 863 1450 pergit
873 1403 887 1442 ‚
899 1373 999 1450 mag·
1082 1353 1085 1360 '

181 1469 229 1539 na
244 1492 332 1541 voce
346 1466 576 1562 Menelaum,
590 1467 702 1567 etqui
718 1495 801 1541 eum
817 1493 861 1539 eo
876 1480 999 1559 erant,

166 1583 415 1679 inclamans,
446 1586 491 1659 ab
522 1585 772 1686 inquietudine
805 1581 1000 1684 Iphigeniae

62 1755 65 1760 -
181 1703 391 1806 cohiberent
406 1731 504 1797 sese,
519 1703 760 1779 comminatus
776 1702 997 1802 perniciem,

125 1835 142 1848 ”
180 1821 219 1896 ni
232 1821 443 1920 paruissent.
465 1825 554 1896 Mox
566 1822 724 1896 attonitis
737 1821 790 1895 his
803 1837 911 1922 atque
931 1815 1000 1894 obss

181 1939 412 2040 stupefactis,
436 1940 511 2037 ipse
534 1941 762 2037 supervenit,
779 1939 999 2014 reformato*

182 2085 253 2158 que
270 2056 345 2156 jam
361 2055 419 2128 die
444 2055 623 2158 virginem
645 2054 827 2130 abstrahit.
846 2053 998 2133 Interim.

60 2175 65 2180 ¹
181 2172 459 2250 deliberantibus
477 2173 614 2246 cunctis
627 2172 801 2274 quidnam
817 2187 854 2246 et
866 2170 928 2244 ubi
941 2197 998 2268 ⁶⁵7

179 2307 253 2384 set,
272 2291 373 2390 quod
386 2289 569 2363 immolari
581 2289 790 2390 juberetur,
803 2315 906 2364 cerva
920 2289 997 2363 for-

179 2413 241 2484 ma
253 2406 414 2506 corporis
426 2406 658 2500 admiranda,
672 2423 753 2481 ante
765 2406 881 2500 ipsam
893 2434 996 2482 aram

170 2526 357 2625 intrepida
379 2524 548 2600 consistit.
575 2527 665 2598 Eam
686 2524 892 2622 praedictam
910 2525 994 2598 hos·

178 2647 267 2721 tiam
285 2644 378 2737 rati,
394 2643 624 2743 oblatamque
638 2641 805 2716 divinitus
823 2669 994 2741 compre-

89 2796 104 2810 *
178 2765 359 2857 bendere,
378 2789 537 2863 moxque
551 2760 752 2834 immolant.
762 2760 913 2860 Quibus
926 2788 994 2870 ρετ
1119 2821 1120 2828 ,

179 2884 284 2962 raetis
297 2883 414 2956 sedata
429 2881 527 2974 lues,
541 2879 722 2979 instarque
733 2878 840 2953 aestivi
855 2894 995 2978 tempo·

178 3004 227 3082 ris
242 3015 441 3078 reseratum
460 3013 512 3071 est
525 2997 667 3072 coelum.
689 3000 868 3070 Caeterum
884 2997 994 3100 virgi-

178 3148 265 3196 nem
278 3117 454 3208 Achilles,
474 3131 581 3216 atque
599 3114 635 3186 hi
649 3114 709 3214 qni
723 3113 893 3186 sacrificio
907 3142 993 3212 praef

177 3243 303 3330 fuere,
324 3235 417 3311 clam
438 3259 566 3306 omnes
588 3231 664 3334 regi
677 3233 912 3332 Scytharum,
929 3233 994 3336 qui

178 3384 223 3440 eo
238 3341 404 3464 tempore
420 3352 565 3452 aderat,
578 3350 894 3454 commendavere,¹
980 3333 996 3420 .’
