2314 4024
184 347 258 418 328*
315 381 319 390 ·
367 377 546 424 cunnus
575 373 629 431 us
656 373 839 424 rnoru.v

183 470 327 558 oetatem
348 486 424 585 ejus
444 488 643 562 admodum
656 487 890 560 immaturam
907 482 1000 584 :·qui
1079 480 1082 486 ’

185 596 221 672 in
234 599 360 698 primis
373 603 537 702 pueritiae
550 605 671 698 annm,
688 625 773 679 cum
785 599 1001 677 verecundia

187 741 229 790 ac
250 719 448 820 probitate,
469 737 549 815 tum
573 722 756 822 praecipue
777 721 898 796 forma
922 741 1004 816 eor-

185 834 283 930 poris
292 839 466 935 amabilis,
476 856 584 942 atque
595 855 760 941 acceptus
770 833 1002 940 popularibus

186 951 420 1032 adolescebat.

448 1237 654 1306 CAPUT
686 1237 733 1305 X.

202 1450 206 1458 ·
234 1426 339 1504 Duru
355 1423 538 1498 transactis
552 1424 676 1523 paucis
696 1422 821 1498 diebus
839 1419 998 1496 solemne

185 1541 400 1642 Thymbraei
416 1541 594 1639 Apollinis
617 1541 779 1634 incessit,
799 1556 835 1614 et
857 1537 999 1642 requies
1041 1609 1045 1617 .

184 1657 339 1733 bellandi
365 1684 430 1757 per
459 1659 618 1734 inducias
646 1658 855 1757 interposita
884 1672 998 1730 :tum

183 1777 505 1877 utroqueexercitu
514 1777 686 1855 sacrificio
698 1777 895 1868 insistente,
903 1775 999 1850 Prie·

184 1921 267 1967 mus
279 1911 421 1994 tempus
439 1912 582 1988 nactus,
603 1896 742 1970 Idaeum
761 1897 807 1968 ad
819 1892 1011 1970 Achillem·

184 2035 293 2111 super
304 2007 484 2116 Polyxena
497 2005 774 2088 cummendati's'
787 2011 909 2086 mittit.
927 2009 999 2088 Sed

184 2131 247 2205 ubi
259 2132 415 2206 Achilles
433 2131 470 2204 in
482 2131 564 2206 luco
584 2159 625 2206 eu
646 2157 729 2232 quae
743 2129 878 2229 perlata
896 2143 999 2204 erunt

105 2331 113 2339 .
185 2261 264 2320 tum
283 2249 328 2321 ab
344 2250 465 2345 tdaeo,
486 2249 678 2347 separatim
703 2246 850 2328 abaliis
871 2271 999 2346 recog-

186 2364 322 2459 noscit,
341 2355 488 2468 coguita'
507 2393 546 2440 re
566 2367 664 2463 apud
676 2381 820 2456 ‘nares,·
844 2363 997 2461 suspicio

186 2481 326 2576 alienati
356 2485 474 2580 ducis,
504 2500 540 2562 e't
559 2484 852 2581 ad'postremum
877 2481 999 2583 indig-

146 2619 148 2624 '
186 2597 284 2672 natio
309 2593 443 2671 exorta.
473 2604 644 2702 Namque
673 2615 776 2674 antea
810 2623 999 2672 rumorem

187 2712 399 2812 proditionis
428 2729 550 2788 ortum
580 2713 776 2790 clementer
804 2741 869 2812 per
898 2737 1001 2789 exer-

187 2831 299 2916 citum
313 2830 350 2901 iu
359 2857 488 2905 verum
500 2846 692 2922 traxerant.
701 2831 769 2918 ¹Ob
779 2855 881 2932 quoe,
893 2826 1000 2904 simul

187 2950 240 3025 uti
266 2948 461 3036 concitatus
486 2948 608 3042 militis
635 2950 776 3036 alannus
804 2948 999 3042 leniretur,

144 3089 148 3094 '
180 3069 283 3168 ·Ajax
303 3095 387 3142 cum
400 3065 579 3143 Diomede
600 3083 637 3142 et
649 3066 790 3168 {Ulysse
808 3067 854 3142 ad
875 3066 999 3157 lucum

188 3199 355 3286 pergunt.
374 3185 498 3286 Hique
513 3201 595 3259 ante
611 3184 792 3282 ternplum
812 3185 999 3277 resistunt,
1016 3183 1037 3195 '³

189 3301 417 3395 opperientes
424 3329 441 3394 ,·
465 3301 493 3374 si
519 3301 1001 3404 egrederetur,Achillem,¹

159 3433 160 3438 ’
189 3412 367 3514 simulque
377 3417 431 3490 uti
440 3444 518 3496 rem
528 3434 665 3519 gestem
677 3418 801 3519 juveni
810 3418 1000 3511 referrent3
