2314 4024
187 303 262 398 284
375 323 553 381 suanae
581 327 634 382 nu
661 313 818 382 ruore?
858 329 864 336 '

189 468 209 510 r
229 464 300 540 que
311 437 600 542 harumpre'cum
609 500 623 540 ‚
637 443 1012 541 cadaverrestituam,''

189 583 209 626 u
231 581 351 657 neque
363 584 527 659 unquam
539 561 771 656 commitam,
787 576 828 636 ut
846 563 946 665 quod
964 563 1004 638 iu
1127 577 1130 640 l

186 702 207 746 n
228 673 390 760 hostibus
405 679 680 777 reprehenditur
695 679 833 760 crimen
855 673 1017 758 malitias·
1128 703 1131 768 ἲ

187 817 209 864 u
225 791 305 893 ,ipse
320 785 483 874 sirbeem.
497 828 523 876 n

390 1041 804 1170 csrflur‘xjxvr.

121 1303 122 1306 ¹
235 1269 300 1344 ‘An
327 1295 370 1344 ee
391 1272 577 1364 Priamus,
599 1289 772 1346 renovato
787 1272 876 1346 fletu
895 1295 1009 1373 quam

190 1386 405 1484 miserabili,
427 1415 504 1466 non
525 1389 602 1466 sine
622 1389 768 1466 decreto
793 1389 918 1467 divum
941 1375 1013 1466 ad«

190 1530 292 1594 verse
300 1505 509 1608 homiuibus
517 1508 655 1586 irruere
664 1508 714 1582 ait
727 1538 736 1581 ε
750 1501 860 1584 deum
874 1508 1013 1609 quippe

193 1639 380 1702 auctorem
402 1625 550 1730 singulis
565 1625 779 1704 mortalibus
798 1617 887 1701 boni
904 1624 1015 1699 mali-

194 1768 267 1845 que
281 1767 358 1822 esse
379 1771 525 1847 :neque
540 1745 599 1822 cui
619 1746 767 1822 beatum
786 1769 860 1821 esse
872 1743 1014 1819 licitum
1077 1794 1086 1813 ,

195 1859 259 1956 sit,
271 1863 486 1963 cujusquam
496 1863 535 1938 in
547 1889 634 1939 eum
646 1857 723 1949 vim
735 1860 1014 1962 inimicitiasque

195 1976 393 2078 procedere
425 1995 644 2054 :emeram
667 2001 705 2052 se
733 1977 864 2052 diversi
886 1993 1014 2075 partus

197 2094 457 2198 quinquaginta
485 2078 644 2170 filiorum
668 2107 831 2193 patrem,
849 2094 1015 2169 beatissi-
1089 2135 1092 2142 ·

197 2239 304 2288 mum
324 2237 455 2316 regum
471 2213 640 2288 omnium
660 2209 827 2289 habitum
842 2244 851 2285 ι
867 2214 914 2287 ad
927 2238 1017 2313 pos.-

200 2347 360 2418 tremum
373 2330 569 2408 Alexandri
586 2328 743 2406 natalem
757 2329 855 2406 diem
869 2331 1016 2427 evitari,

200 2471 248 2524 ne
260 2447 328 2523 diis
353 2449 503 2549 quidem
528 2445 828 2547 praecinentibus,
845 2447 1017 2546 potuisse.

104 2575 106 2580 ‘
201 2565 375 2667 Namque
388 2564 581 2646 Hecubam
595 2561 958 2664 foetueograuidam,
971 2565 1023 2642 fa·

203 2679 1022 2784 cemperquietemedidissevisarn,cujusigni·

202 2797 1022 2904 busconflegravisseldam,acmoxcontinuan·

204 2918 415 3012 tellamma
432 2917 587 3012 deorum
603 2916 753 2994 delubra
769 2919 1021 3016 concremari,

207 3063 430 3173 omnemqqe
445 3036 596 3114 demum
612 3034 660 3112 ad
675 3037 812 3114 eineres
829 3037 1023 3137 collapsam

207 3152 558 3248 civitatem,iutectis
567 3153 815 3257 inviolatisque
826 3154 1024 3232 Antenoris

209 3285 246 3344 et
253 3270 417 3345 Anchises
424 3271 603 3376 domibus.
617 3274 708 3373 Quae
718 3272 929 3348 denunciata
937 3301 1024 3349 cum

210 3385 256 3484 ad
268 3386 465 3486 perniciem
478 3389 660 3491 publicam
673 3405 833 3490 spectare
845 3387 1026 3492 aruspices
