2262 4038
299 285 478 338 suunns
507 291 558 336 na
586 287 740 340 rxosx.
859 267 922 338 181

11 407 14 486 J
114 398 209 473 ciam
233 401 346 498 possit
368 403 525 478 mittere.
549 403 710 478 Posthaec
729 401 933 481 Alexander

116 515 156 590 in
184 517 363 594 Graeciam
393 520 595 624 navigavit,
627 521 783 616 adducto
810 545 933 596 secum
982 517 986 537 ¹

5 670 12 683 ¹·
118 633 211 711 duce
231 661 276 712 eo
294 637 357 739 qui
380 666 467 714 cum
485 643 673 715 Antenore
690 640 767 742 jam
784 639 935 740 naviga·-

2 741 13 867 .'
107 769 229 854 xerat.
246 756 333 832 Non
349 757 485 832 multos
504 774 586 834 ante
600 759 704 853 dies,¹
715 785 827 860 quam
845 755 936 832 Ale·

0 926 1 931 ,
116 872 254 946 xander
277 873 315 949 in
340 875 522 964 Graeciam
547 877 749 980 navigavit,
776 893 812 952 et
832 890 939 950 ante*

1 996 13 1075 ,¹¹
119 1016 230 1090 quam
255 991 293 1063 in
309 984 463 1067 insulam
485 996 706 1096 Cytheream
730 986 917 1070 accederet
924 1015 937 1083 ‚'

121 1107 307 1183 Menelaus
324 1137 387 1185 rex
409 1113 455 1184 ad
478 1113 675 1190 Nestorem
692 1098 825 1214 Pylum
847 1135 939 1210 pro·
1022 1181 1024 1185 .

1 1235 3 1262 ³
88 1293 89 1296 ,
123 1223 302 1321 (miscens,
326 1228 534 1302 Alexandro
553 1227 591 1301 in
617 1229 745 1303 itinere
763 1228 939 1321 occurrit,

0 1327 4 1450 J
123 1357 161 1416 et
176 1344 376 1420 mirabatur
395 1345 533 1448 regiam
553 1345 702 1421 classem
721 1373 799 1447 quo
816 1346 941 1421 tende-

0 1559 2 1570 1
122 1474 190 1558 ret.
217 1462 376 1562 Utrique
405 1478 635 1538 occurrentes
661 1479 877 1564 aspexerunt
902 1489 942 1538 se
975 1455 976 1466 ¹

124 1575 301 1671 invicem,
317 1578 419 1654 inscii
444 1605 519 1682 quo
537 1581 690 1682 quisque
713 1579 793 1655 iret.
816 1583 943 1656 Castor

122 1710 164 1770 et
181 1695 309 1770 Pollux
330 1698 377 1771 ad
402 1697 708 1800 Clytaemnestram
728 1696 864 1790 ierant,
885 1723 944 1770 se-

127 1839 212 1890 cum
234 1814 480 1892 Hermionam
503 1829 652 1913 neptem
676 1841 779 1888 suam
796 1813 948 1890 Helenae

1 1977 3 2014 ι
129 1929 241 2004 filiam
254 1933 489 2007 adduxerant.
505 1931 614 2034 Argis
626 1930 867 2007 Junonisdies
876 1930 947 2004 fes-

1 2081 2 2092 ¹
128 2064 187 2122 tus
207 2063 284 2124 erat
299 2049 354 2122 his
375 2049 521 2143 diebus,
537 2048 669 2150 quibus
687 2049 891 2124 Alexander
907 2047 947 2122 in

83 2157 85 2161 ’
129 2165 285 2238 insulam
299 2167 520 2266 Cytheream
537 2167 635 2270 uenit
649 2224 662 2262 ,
683 2166 747 2240 ubi
763 2165 951 2259 adsensun

132 2281 286 2356 Veneris
306 2281 429 2356 Dianae
446 2271 667 2359 sacrificavit.
686 2284 739 2357 Hi
758 2283 822 2384 qui
838 2283 876 2357 in
889 2266 948 2360 in-

132 2398 209 2474 sula
230 2416 355 2494 erant,
376 2399 603 2474 mirabantur
620 2401 758 2502 regiam
778 2401 949 2495 classem,

132 2532 169 2593 et
181 2515 453 2618 interrogabaut
470 2515 515 2590 ab
529 2508 676 2619 illisqui
693 2543 778 2591 curn
791 2515 950 2592 Alexan·

135 2636 224 2728 dm,
239 2630 303 2737 qui
323 2650 460 2729 essent,
477 2633 566 2736 quid
579 2634 776 2727 venissent,
797 2661 952 2734 respon-

133 2753 264 2828 derunt
275 2751 325 2824 illi
339 2780 361 2854 a
374 2752 520 2827 Priamo
530 2778 615 2854 rege
626 2751 787 2854 legatum
799 2752 950 2826 missum

134 2870 180 2944 ad
193 2873 381 2948 Castorem
400 2884 436 2946 et
454 2868 660 2966 Pollucem,
680 2885 723 2946 ut
738 2894 799 2947 eos
815 2893 950 2980 convo·

134 3003 240 3064 nitel-
