2246 4016
180 243 234 336 4ο
360 257 540 326 surana
565 271 621 320 oa
648 263 814 320 rnoraz

179 381 334 482 insignes
349 411 544 463 armorum
564 386 706 484 specie,
731 413 797 464 avo
817 388 992 462 Hercula

179 503 265 584 Post
277 527 337 575 eos
350 502 697 604 Protesilauslphicli
707 561 719 598 ,
737 527 822 580 cum
835 506 994 581 Podarce

179 617 301 695 fratre.
321 619 437 698 Affuit
454 622 672 698 etEmnelus
684 623 869 717 Pheraeus,
893 623 1002 724 cujus-

179 751 288 834 pater-
306 740 485 814 Admetus
512 741 697 842 quondam
724 742 852 824 vicaria
875 757 1003 828 morte

178 856 343 960 conjugis
364 858 436 932 fata
461 860 607 959 propria
621 860 831 960 protulerat.
852 859 1005 933 Podalia

180 969 254 1066 rius
267 991 303 1048 et
315 977 517 1071 Machaon,
539 978 773 1074 Triccenses,
790 977 1005 1076 AEscutapio,

180 1091 317 1195 geniti,
334 1093 459 1170 adsciti
480 1095 526 1168 ad
541 1095 579 1168 id
599 1097 735 1171 bellum
753 1077 801 1170 oh
814 1095 997 1172 solertiam

180 1209 367 1285 medicinae
390 1212 486 1287 artis.
511 1213 604 1287 Dein
618 1214 766 1288 Poeantis
778 1213 1001 1306 Philotecta,

109 1406 112 1414 ,
181 1327 245 1430 qui
260 1355 383 1405 comes
396 1327 585 1428 Herculis,
613 1348 696 1431 post
709 1331 902 1408 discessum
920 1333 1003 1432 ejus,

181 1445 226 1522 ad
234 1447 320 1523 deos
328 1449 999 1554 sagittasdivinasindustriaepraemium

181 1583 393 1656 consecutus
415 1585 479 1644 est.
496 1567 632 1642 Nireus
645 1568 805 1665 pulcher.
821 1571 874 1642 Ex
885 1567 1001 1648 Athe-¹

181 1681 236 1758 nis
254 1687 486 1778 Mnestheus,
503 1699 539 1757 et
557 1683 651 1783 Ajax
664 1683 759 1758 Oilei
774 1711 816 1757 ex
830 1683 1003 1764 Locride,

181 1803 235 1874 Ex
252 1801 361 1903 Argis
378 1801 615 1898 Amphilocus
629 1818 665 1890 et
678 1801 864 1878 Sthenelus
872 1832 884 1892 3
903 1805 1003 1876 Am·

183 1919 320 2018 phiarai
333 1920 591 2018 Amphilocus,
607 1920 766 2019 Capanei
782 1919 871 1994 alter
887 1951 894 1992 :
914 1947 998 1995 cum

167 2039 238 2112 ¹his
256 2039 433 2140 Euryalus
458 2039 633 2115 Mecistei.
666 2040 759 2115 Dein
797 2068 840 2115 ex
866 2039 1000 2114 AEtolia

130 2147 133 2153 ¹
185 2158 1000 2264 ThessandrusPolynicis.Postremoomnium

185 2278 429 2374 Demophoon
446 2294 553 2378 atque
567 2281 722 2354 Acamas
739 2277 861 2370 fuere,
882 2272 1004 2350 cuncti

187 2423 231 2473 ex
250 2396 389 2496 origine
415 2396 567 2496 Pelopis.
587 2397 658 2474 Sed
670 2423 732 2472 eos
750 2421 841 2498 quos
859 2421 1003 2470 memo-

186 2513 362 2608 ravimus,
375 2515 494 2612 plures
506 2517 565 2587 alii
577 2544 622 2588 ex
634 2516 705 2586 suis
719 2515 870 2614 quisque
883 2515 1003 2616 regio-

188 2635 311 2731 nibus,
328 2633 461 2731 partim
484 2662 528 2708 ex
552 2661 681 2736 regum
706 2632 897 2707 comitibus
909 2689 921 2726 ,
943 2632 1004 2706 alii

188 2752 298 2851 ipsius
308 2754 416 2858 'regni
429 2753 618 2853 participes
631 2750 780 2836 insecuti
792 2766 895 2826 sunt:
912 2779 1005 2852 quo-
1090 2753 1094 2758 ’

191 2901 273 2947 rum
301 2873 449 2962 nomina
472 2871 677 2974 singillatim
705 2899 885 2976 exponere
906 2871 1003 2948 haud

191 2993 430 3074 necessarium
443 2993 559 3074 visum
574 3007 638 3069 est.
