<?xml version="1.0" encoding="UTF-8"?>
<!DOCTYPE html PUBLIC "-//W3C//DTD XHTML 1.0 Transitional//EN"
    "http://www.w3.org/TR/xhtml1/DTD/xhtml1-transitional.dtd">
<html xmlns="http://www.w3.org/1999/xhtml" xml:lang="en" lang="en">
 <head>
  <title>
</title>
<meta http-equiv="Content-Type" content="text/html;charset=utf-8" />
  <meta name='ocr-system' content='tesseract 3.04.00' />
  <meta name='ocr-capabilities' content='ocr_page ocr_carea ocr_par ocr_line ocrx_word'/>
</head>
<body>
  <div class='ocr_page' id='page_1' title='image "./histoiredelague01cailgoog_0627.png"; bbox 0 0 2262 4038; ppageno 0'>
   <div class='ocr_carea' id='block_1_1' title="bbox 1075 11 1104 218">
    <p class='ocr_par' dir='ltr' id='par_1_1' title="bbox 1075 11 1104 218">
     <span class='ocr_line' id='line_1_1' title="bbox 1075 11 1104 218; baseline 0 0"><span class='ocrx_word' id='word_1_1' title='bbox 1075 11 1104 218; x_wconf 89' lang='lat' dir='ltr'><strong>l</strong></span> 
     </span>
    </p>
   </div>
   <div class='ocr_carea' id='block_1_2' title="bbox 226 209 857 310">
    <p class='ocr_par' dir='ltr' id='par_1_2' title="bbox 226 209 857 310">
     <span class='ocr_line' id='line_1_2' title="bbox 226 209 857 310; baseline 0.021 -23"><span class='ocrx_word' id='word_1_2' title='bbox 226 213 301 310; x_wconf 71' lang='lat'><strong>²¹4</strong></span> <span class='ocrx_word' id='word_1_3' title='bbox 409 209 673 294; x_wconf 56' lang='lat' dir='ltr'><strong>suanae-&#39;nn</strong></span> <span class='ocrx_word' id='word_1_4' title='bbox 699 247 857 300; x_wconf 79' lang='lat' dir='ltr'><strong>rnots</strong></span> 
     </span>
    </p>
   </div>
   <div class='ocr_carea' id='block_1_3' title="bbox 471 421 841 492">
    <p class='ocr_par' dir='ltr' id='par_1_3' title="bbox 471 421 841 492">
     <span class='ocr_line' id='line_1_3' title="bbox 471 421 841 492; baseline 0.01 -2"><span class='ocrx_word' id='word_1_5' title='bbox 471 421 664 492; x_wconf 87' lang='lat' dir='ltr'>CAPUT</span> <span class='ocrx_word' id='word_1_6' title='bbox 700 423 841 492; x_wconf 88' lang='lat' dir='ltr'><strong>XX.</strong></span> 
     </span>
    </p>
   </div>
   <div class='ocr_carea' id='block_1_4' title="bbox 141 525 1104 1156">
    <p class='ocr_par' dir='ltr' id='par_1_4' title="bbox 141 525 1046 1140">
     <span class='ocr_line' id='line_1_4' title="bbox 141 525 1042 695; baseline 0.007 -32"><span class='ocrx_word' id='word_1_7' title='bbox 141 664 145 672; x_wconf 80' lang='grc'><strong>,</strong></span> <span class='ocrx_word' id='word_1_8' title='bbox 245 529 449 670; x_wconf 71' lang='lat' dir='ltr'><strong>l&#39;osrrnl</strong></span> <span class='ocrx_word' id='word_1_9' title='bbox 471 594 529 670; x_wconf 85' lang='lat' dir='ltr'><strong>die</strong></span> <span class='ocrx_word' id='word_1_10' title='bbox 551 592 780 695; x_wconf 82' lang='lat' dir='ltr'><strong>Grajugenae</strong></span> <span class='ocrx_word' id='word_1_11' title='bbox 793 525 958 669; x_wconf 86' lang='lat' dir='ltr'>inducias</span> <span class='ocrx_word' id='word_1_12' title='bbox 976 618 1042 692; x_wconf 86' lang='lat' dir='ltr'><strong>pe-</strong></span> 
     </span>
     <span class='ocr_line' id='line_1_5' title="bbox 224 710 1104 818; baseline 0.005 -36"><span class='ocrx_word' id='word_1_13' title='bbox 224 721 319 784; x_wconf 83' lang='lat' dir='ltr'><strong>tunt</strong></span> <span class='ocrx_word' id='word_1_14' title='bbox 340 713 497 787; x_wconf 85' lang='lat' dir='ltr'><strong>Achilles</strong></span> <span class='ocrx_word' id='word_1_15' title='bbox 509 710 716 786; x_wconf 80' lang='lat' dir='ltr'><strong>Patroclum</strong></span> <span class='ocrx_word' id='word_1_16' title='bbox 735 711 891 813; x_wconf 83' lang='lat' dir='ltr'>plangit,</span> <span class='ocrx_word' id='word_1_17' title='bbox 908 713 1104 818; x_wconf 86' lang='lat' dir='ltr'><strong>Graju·</strong></span> 
     </span>
     <span class='ocr_line' id='line_1_6' title="bbox 225 829 1046 931; baseline 0.004 -30"><span class='ocrx_word' id='word_1_18' title='bbox 225 853 327 928; x_wconf 84' lang='lat' dir='ltr'><strong>genae</strong></span> <span class='ocrx_word' id='word_1_19' title='bbox 363 856 458 904; x_wconf 89' lang='lat' dir='ltr'><strong>suos.</strong></span> <span class='ocrx_word' id='word_1_20' title='bbox 494 831 762 931; x_wconf 76' lang='lat' dir='ltr'><strong>Agamemnon</strong></span> <span class='ocrx_word' id='word_1_21' title='bbox 797 829 1046 904; x_wconf 83' lang='lat' dir='ltr'><strong>Protesilaum</strong></span> 
     </span>
     <span class='ocr_line' id='line_1_7' title="bbox 223 941 1042 1050; baseline 0.005 -32"><span class='ocrx_word' id='word_1_22' title='bbox 223 941 419 1046; x_wconf 72' lang='lat' dir='ltr'><strong>magnifico</strong></span> <span class='ocrx_word' id='word_1_23' title='bbox 431 947 560 1024; x_wconf 80' lang='lat' dir='ltr'><strong>funere</strong></span> <span class='ocrx_word' id='word_1_24' title='bbox 571 947 694 1040; x_wconf 86' lang='lat' dir='ltr'><strong>effert,</strong></span> <span class='ocrx_word' id='word_1_25' title='bbox 705 962 926 1050; x_wconf 80' lang='lat' dir='ltr'><strong>caeterosque</strong></span> <span class='ocrx_word' id='word_1_26' title='bbox 939 970 1042 1046; x_wconf 85' lang='lat' dir='ltr'><strong>sepe·</strong></span> 
     </span>
     <span class='ocr_line' id='line_1_8' title="bbox 222 1057 1037 1156; baseline 0.006 -22"><span class='ocrx_word' id='word_1_27' title='bbox 222 1059 361 1137; x_wconf 86' lang='lat' dir='ltr'><strong>liendos</strong></span> <span class='ocrx_word' id='word_1_28' title='bbox 376 1079 489 1140; x_wconf 85' lang='lat' dir='ltr'><strong>curat.</strong></span> <span class='ocrx_word' id='word_1_29' title='bbox 505 1059 661 1156; x_wconf 83' lang='lat' dir='ltr'><strong>Achilles</strong></span> <span class='ocrx_word' id='word_1_30' title='bbox 680 1065 845 1140; x_wconf 77' lang='lat' dir='ltr'><strong>Patroclo</strong></span> <span class='ocrx_word' id='word_1_31' title='bbox 865 1057 974 1140; x_wconf 88' lang='lat' dir='ltr'><strong>ludos</strong></span> <span class='ocrx_word' id='word_1_32' title='bbox 991 1066 1037 1139; x_wconf 79' lang='lat' dir='ltr'><strong>fu</strong></span> 
     </span>
    </p>
   </div>
   <div class='ocr_carea' id='block_1_5' title="bbox 120 1179 1035 1396">
    <p class='ocr_par' dir='ltr' id='par_1_5' title="bbox 120 1179 1035 1396">
     <span class='ocr_line' id='line_1_9' title="bbox 120 1179 1035 1280; baseline 0.001 -26"><span class='ocrx_word' id='word_1_33' title='bbox 120 1271 123 1278; x_wconf 18' lang='grc' dir='ltr'><strong>Δ</strong></span> <span class='ocrx_word' id='word_1_34' title='bbox 222 1181 352 1280; x_wconf 78' lang='lat' dir='ltr'><strong>nebres</strong></span> <span class='ocrx_word' id='word_1_35' title='bbox 364 1182 461 1254; x_wconf 84' lang='lat' dir='ltr'><strong>facit.</strong></span> <span class='ocrx_word' id='word_1_36' title='bbox 475 1181 578 1254; x_wconf 78' lang='lat' dir='ltr'><strong>Dum</strong></span> <span class='ocrx_word' id='word_1_37' title='bbox 591 1179 743 1257; x_wconf 85' lang='lat' dir='ltr'><strong>induciae</strong></span> <span class='ocrx_word' id='word_1_38' title='bbox 757 1179 859 1272; x_wconf 89' lang='lat' dir='ltr'><strong>sunt,</strong></span> <span class='ocrx_word' id='word_1_39' title='bbox 876 1183 1035 1260; x_wconf 79' lang='lat' dir='ltr'><strong>Palame·</strong></span> 
     </span>
     <span class='ocr_line' id='line_1_10' title="bbox 224 1269 1033 1396; baseline 0.002 -32"><span class='ocrx_word' id='word_1_40' title='bbox 224 1269 287 1364; x_wconf 87' lang='lat' dir='ltr'><strong>des</strong></span> <span class='ocrx_word' id='word_1_41' title='bbox 303 1319 377 1366; x_wconf 89' lang='lat' dir='ltr'><strong>non</strong></span> <span class='ocrx_word' id='word_1_42' title='bbox 400 1308 511 1368; x_wconf 82' lang='lat' dir='ltr'><strong>cessat</strong></span> <span class='ocrx_word' id='word_1_43' title='bbox 523 1289 737 1365; x_wconf 83' lang='lat' dir='ltr'><strong>sedrtronem</strong></span> <span class='ocrx_word' id='word_1_44' title='bbox 759 1291 907 1366; x_wconf 87' lang='lat' dir='ltr'><strong>facere.</strong></span> <span class='ocrx_word' id='word_1_45' title='bbox 898 1293 1033 1396; x_wconf 53' lang='lat' dir='ltr'><strong>dudig-</strong></span> 
     </span>
    </p>
   </div>
   <div class='ocr_carea' id='block_1_6' title="bbox 29 1405 1104 3265">
    <p class='ocr_par' dir='ltr' id='par_1_6' title="bbox 29 1405 1035 1854">
     <span class='ocr_line' id='line_1_11' title="bbox 29 1405 1035 1512; baseline 0 -28"><span class='ocrx_word' id='word_1_46' title='bbox 29 1405 35 1418; x_wconf 76' lang='grc'><strong>“</strong></span> <span class='ocrx_word' id='word_1_47' title='bbox 129 1483 132 1490; x_wconf 86' lang='grc'>,</span> <span class='ocrx_word' id='word_1_48' title='bbox 220 1435 313 1484; x_wconf 88' lang='lat' dir='ltr'><strong>num</strong></span> <span class='ocrx_word' id='word_1_49' title='bbox 344 1437 469 1512; x_wconf 83' lang='lat' dir='ltr'><strong>regem</strong></span> <span class='ocrx_word' id='word_1_50' title='bbox 506 1410 825 1510; x_wconf 83' lang='lat' dir='ltr'><strong>Agamemnonem</strong></span> <span class='ocrx_word' id='word_1_51' title='bbox 859 1435 939 1484; x_wconf 87' lang='lat' dir='ltr'><strong>esse</strong></span> <span class='ocrx_word' id='word_1_52' title='bbox 980 1407 1035 1509; x_wconf 79' lang='lat' dir='ltr'><strong>qui</strong></span> 
     </span>
     <span class='ocr_line' id='line_1_12' title="bbox 218 1523 1029 1628; baseline -0.001 -27"><span class='ocrx_word' id='word_1_53' title='bbox 218 1526 393 1603; x_wconf 84' lang='lat' dir='ltr'><strong>exercitui</strong></span> <span class='ocrx_word' id='word_1_54' title='bbox 406 1527 563 1628; x_wconf 80' lang='lat' dir='ltr'><strong>imperc&#39;t</strong></span> <span class='ocrx_word' id='word_1_55' title='bbox 575 1542 613 1600; x_wconf 88' lang='lat' dir='ltr'><strong>et</strong></span> <span class='ocrx_word' id='word_1_56' title='bbox 628 1524 817 1599; x_wconf 87' lang='lat' dir='ltr'><strong>indoctum</strong></span> <span class='ocrx_word' id='word_1_57' title='bbox 831 1523 936 1597; x_wconf 74' lang='lat' dir='ltr'><strong>dixis.</strong></span> <span class='ocrx_word' id='word_1_58' title='bbox 960 1530 1029 1622; x_wconf 79' lang='lat' dir='ltr'><strong>Ipse</strong></span> 
     </span>
     <span class='ocr_line' id='line_1_13' title="bbox 221 1639 1031 1730; baseline -0.01 -10"><span class='ocrx_word' id='word_1_59' title='bbox 221 1669 346 1720; x_wconf 83' lang='lat' dir='ltr'><strong>coram</strong></span> <span class='ocrx_word' id='word_1_60' title='bbox 359 1646 519 1723; x_wconf 80' lang='lat' dir='ltr'><strong>exercitu</strong></span> <span class='ocrx_word' id='word_1_61' title='bbox 530 1639 721 1730; x_wconf 69' lang='lat' dir='ltr'><strong>multa‘sua</strong></span> <span class='ocrx_word' id='word_1_62' title='bbox 735 1642 892 1716; x_wconf 88' lang='lat' dir='ltr'><strong>ostendit</strong></span> <span class='ocrx_word' id='word_1_63' title='bbox 903 1642 1031 1716; x_wconf 82' lang='lat' dir='ltr'><strong>sudia.</strong></span> 
     </span>
     <span class='ocr_line' id='line_1_14' title="bbox 219 1759 1028 1854; baseline -0.002 -20"><span class='ocrx_word' id='word_1_64' title='bbox 219 1761 345 1841; x_wconf 83' lang='lat' dir='ltr'><strong>Primo</strong></span> <span class='ocrx_word' id='word_1_65' title='bbox 376 1787 480 1834; x_wconf 89' lang='lat' dir='ltr'><strong>suam</strong></span> <span class='ocrx_word' id='word_1_66' title='bbox 508 1759 803 1854; x_wconf 75' lang='lat' dir='ltr'><strong>exscensionem,</strong></span> <span class='ocrx_word' id='word_1_67' title='bbox 833 1775 1028 1835; x_wconf 79' lang='lat' dir='ltr'><strong>castrorum</strong></span> 
     </span>
    </p>

    <p class='ocr_par' dir='ltr' id='par_1_7' title="bbox 190 1858 1104 2218">
     <span class='ocr_line' id='line_1_15' title="bbox 190 1858 1104 1980; baseline -0.005 -28"><span class='ocrx_word' id='word_1_68' title='bbox 190 1858 696 1980; x_wconf 78' lang='lat' dir='ltr'><strong>munitionem,rigiliarum</strong></span> <span class='ocrx_word' id='word_1_69' title='bbox 709 1875 974 1969; x_wconf 82' lang='lat' dir='ltr'><strong>circuitionem,</strong></span> <span class='ocrx_word' id='word_1_70' title='bbox 987 1873 1035 1948; x_wconf 90' lang='lat' dir='ltr'><strong>si·</strong></span> <span class='ocrx_word' id='word_1_71' title='bbox 1102 1959 1104 1977; x_wconf 32' lang='lat'>4</span> 
     </span>
     <span class='ocr_line' id='line_1_16' title="bbox 221 1991 1104 2106; baseline -0.003 -36"><span class='ocrx_word' id='word_1_72' title='bbox 221 1996 286 2099; x_wconf 86' lang='lat' dir='ltr'><strong>gni</strong></span> <span class='ocrx_word' id='word_1_73' title='bbox 294 1995 684 2102; x_wconf 62' lang='lat' dir='ltr'><strong>dationem,lil)rarum</strong></span> <span class='ocrx_word' id='word_1_74' title='bbox 693 1991 1038 2096; x_wconf 84' lang='lat' dir='ltr'><strong>ponderumquedi-</strong></span> <span class='ocrx_word' id='word_1_75' title='bbox 1101 2019 1104 2106; x_wconf 27' lang='grc' dir='ltr'>ζ</span> 
     </span>
     <span class='ocr_line' id='line_1_17' title="bbox 221 2112 1103 2218; baseline -0.003 -30"><span class='ocrx_word' id='word_1_76' title='bbox 221 2113 470 2208; x_wconf 78' lang='lat' dir='ltr'><strong>mensionem,</strong></span> <span class='ocrx_word' id='word_1_77' title='bbox 489 2112 739 2214; x_wconf 85' lang='lat' dir='ltr'><strong>exercitusque</strong></span> <span class='ocrx_word' id='word_1_78' title='bbox 759 2112 1038 2218; x_wconf 79' lang='lat' dir='ltr'><strong>instructionem</strong></span> <span class='ocrx_word' id='word_1_79' title='bbox 1101 2113 1103 2171; x_wconf 71' lang='lat' dir='ltr'><strong>l</strong></span> 
     </span>
    </p>

    <p class='ocr_par' dir='ltr' id='par_1_8' title="bbox 112 2213 1045 3265">
     <span class='ocr_line' id='line_1_18' title="bbox 221 2229 1039 2330; baseline -0.008 -23.823"><span class='ocrx_word' id='word_1_80' title='bbox 221 2229 390 2306; x_wconf 88' lang='lat' dir='ltr'><strong>ostendit.</strong></span> <span class='ocrx_word' id='word_1_81' title='bbox 412 2232 507 2307; x_wconf 85' lang='lat' dir='ltr'><strong>Haec</strong></span> <span class='ocrx_word' id='word_1_82' title='bbox 528 2255 682 2330; x_wconf 84' lang='lat' dir='ltr'><strong>quuma</strong></span> <span class='ocrx_word' id='word_1_83' title='bbox 702 2255 740 2303; x_wconf 86' lang='lat' dir='ltr'><strong>se</strong></span> <span class='ocrx_word' id='word_1_84' title='bbox 762 2245 842 2305; x_wconf 79' lang='lat' dir='ltr'><strong>acta</strong></span> <span class='ocrx_word' id='word_1_85' title='bbox 865 2229 1039 2320; x_wconf 74' lang='lat' dir='ltr'><strong>fluissent,</strong></span> 
     </span>
     <span class='ocr_line' id='line_1_19' title="bbox 222 2335 1041 2448; baseline -0.002 -28"><span class='ocrx_word' id='word_1_86' title='bbox 222 2372 298 2422; x_wconf 91' lang='lat' dir='ltr'><strong>non</strong></span> <span class='ocrx_word' id='word_1_87' title='bbox 319 2374 464 2448; x_wconf 80' lang='lat' dir='ltr'><strong>aequum</strong></span> <span class='ocrx_word' id='word_1_88' title='bbox 483 2372 578 2440; x_wconf 89' lang='lat' dir='ltr'><strong>esse,</strong></span> <span class='ocrx_word' id='word_1_89' title='bbox 603 2335 722 2447; x_wconf 75' lang='lat' dir='ltr'><strong>quum&#39;</strong></span> <span class='ocrx_word' id='word_1_90' title='bbox 739 2373 761 2432; x_wconf 76' lang='lat' dir='ltr'><strong>a</strong></span> <span class='ocrx_word' id='word_1_91' title='bbox 777 2345 899 2443; x_wconf 84' lang='lat' dir='ltr'><strong>paucis</strong></span> <span class='ocrx_word' id='word_1_92' title='bbox 913 2344 1041 2442; x_wconf 88' lang='lat' dir='ltr'><strong>impe·</strong></span> 
     </span>
     <span class='ocr_line' id='line_1_20' title="bbox 220 2461 1042 2560; baseline -0.002 -25"><span class='ocrx_word' id='word_1_93' title='bbox 220 2461 319 2535; x_wconf 86' lang='lat' dir='ltr'><strong>rium</strong></span> <span class='ocrx_word' id='word_1_94' title='bbox 349 2463 476 2535; x_wconf 88' lang='lat' dir='ltr'><strong>datum</strong></span> <span class='ocrx_word' id='word_1_95' title='bbox 508 2461 781 2560; x_wconf 81' lang='lat' dir='ltr'><strong>Agamemnoni</strong></span> <span class='ocrx_word' id='word_1_96' title='bbox 811 2476 923 2552; x_wconf 87' lang='lat' dir='ltr'><strong>esset,</strong></span> <span class='ocrx_word' id='word_1_97' title='bbox 951 2486 1042 2533; x_wconf 83' lang='lat' dir='ltr'><strong>eum</strong></span> 
     </span>
     <span class='ocr_line' id='line_1_21' title="bbox 223 2562 1043 2678; baseline -0.009 -25"><span class='ocrx_word' id='word_1_98' title='bbox 223 2577 394 2654; x_wconf 88' lang='lat' dir='ltr'><strong>omnibus</strong></span> <span class='ocrx_word' id='word_1_99' title='bbox 411 2562 474 2678; x_wconf 80' lang='lat' dir='ltr'><strong>qui</strong></span> <span class='ocrx_word' id='word_1_100' title='bbox 491 2591 616 2674; x_wconf 87' lang='lat' dir='ltr'><strong>postea</strong></span> <span class='ocrx_word' id='word_1_101' title='bbox 636 2574 904 2669; x_wconf 86' lang='lat' dir='ltr'><strong>convenissent,</strong></span> <span class='ocrx_word' id='word_1_102' title='bbox 919 2575 1043 2672; x_wconf 87' lang='lat' dir='ltr'><strong>impe-</strong></span> 
     </span>
     <span class='ocr_line' id='line_1_22' title="bbox 223 2690 1044 2793; baseline -0.002 -22"><span class='ocrx_word' id='word_1_103' title='bbox 223 2724 304 2771; x_wconf 85' lang='lat' dir='ltr'><strong>rare</strong></span> <span class='ocrx_word' id='word_1_104' title='bbox 325 2728 334 2768; x_wconf 74' lang='grc' dir='ltr'><strong>ε</strong></span> <span class='ocrx_word' id='word_1_105' title='bbox 353 2691 511 2768; x_wconf 86' lang='lat' dir='ltr'><strong>maxime</strong></span> <span class='ocrx_word' id='word_1_106' title='bbox 525 2718 640 2793; x_wconf 88' lang='lat' dir='ltr'><strong>quum</strong></span> <span class='ocrx_word' id='word_1_107' title='bbox 657 2717 784 2766; x_wconf 88' lang='lat' dir='ltr'><strong>omnes</strong></span> <span class='ocrx_word' id='word_1_108' title='bbox 797 2690 985 2792; x_wconf 84' lang='lat' dir='ltr'><strong>ingenium</strong></span> <span class='ocrx_word' id='word_1_109' title='bbox 1003 2709 1044 2770; x_wconf 87' lang='lat' dir='ltr'><strong>et</strong></span> 
     </span>
     <span class='ocr_line' id='line_1_23' title="bbox 224 2808 1039 2906; baseline -0.01 -16"><span class='ocrx_word' id='word_1_110' title='bbox 224 2813 396 2892; x_wconf 80' lang='lat' dir='ltr'><strong>virtutem</strong></span> <span class='ocrx_word' id='word_1_111' title='bbox 436 2823 654 2906; x_wconf 83' lang='lat' dir='ltr'><strong>spectassent</strong></span> <span class='ocrx_word' id='word_1_112' title='bbox 689 2809 726 2881; x_wconf 90' lang='lat' dir='ltr'><strong>in</strong></span> <span class='ocrx_word' id='word_1_113' title='bbox 764 2808 915 2882; x_wconf 88' lang='lat' dir='ltr'><strong>ducibus</strong></span> <span class='ocrx_word' id='word_1_114' title='bbox 951 2808 1039 2884; x_wconf 89' lang='lat' dir='ltr'><strong>suis.</strong></span> 
     </span>
     <span class='ocr_line' id='line_1_24' title="bbox 223 2925 1039 3029; baseline -0.007 -22"><span class='ocrx_word' id='word_1_115' title='bbox 223 2935 326 3007; x_wconf 87' lang='lat' dir='ltr'><strong>Dum</strong></span> <span class='ocrx_word' id='word_1_116' title='bbox 341 2925 471 3002; x_wconf 88' lang='lat' dir='ltr'><strong>Achivi</strong></span> <span class='ocrx_word' id='word_1_117' title='bbox 485 2927 557 3001; x_wconf 89' lang='lat' dir='ltr'><strong>de</strong></span> <span class='ocrx_word' id='word_1_118' title='bbox 546 2927 702 3029; x_wconf 78' lang='lat' dir='ltr'><strong>imperio</strong></span> <span class='ocrx_word' id='word_1_119' title='bbox 718 2926 812 3001; x_wconf 90' lang='lat' dir='ltr'><strong>inter</strong></span> <span class='ocrx_word' id='word_1_120' title='bbox 831 2953 868 3002; x_wconf 90' lang='lat' dir='ltr'><strong>se</strong></span> <span class='ocrx_word' id='word_1_121' title='bbox 880 2925 1039 3003; x_wconf 86' lang='lat' dir='ltr'><strong>vicissim</strong></span> 
     </span>
     <span class='ocr_line' id='line_1_25' title="bbox 225 3043 1045 3174; baseline -0.005 -50"><span class='ocrx_word' id='word_1_122' title='bbox 225 3059 384 3138; x_wconf 87' lang='lat' dir='ltr'><strong>certant,</strong></span> <span class='ocrx_word' id='word_1_123' title='bbox 405 3043 572 3143; x_wconf 88' lang='lat' dir='ltr'><strong>proelium</strong></span> <span class='ocrx_word' id='word_1_124' title='bbox 592 3061 674 3174; x_wconf 88' lang='lat' dir='ltr'><strong>post</strong></span> <span class='ocrx_word' id='word_1_125' title='bbox 694 3043 881 3118; x_wconf 90' lang='lat' dir='ltr'><strong>biennium</strong></span> <span class='ocrx_word' id='word_1_126' title='bbox 905 3045 1045 3144; x_wconf 80' lang='lat' dir='ltr'><strong>repeti-</strong></span> 
     </span>
     <span class='ocr_line' id='line_1_26' title="bbox 225 3143 1045 3265; baseline -0.002 -26"><span class='ocrx_word' id='word_1_127' title='bbox 225 3181 307 3239; x_wconf 91' lang='lat' dir='ltr'><strong>tum</strong></span> <span class='ocrx_word' id='word_1_128' title='bbox 325 3176 390 3236; x_wconf 86' lang='lat' dir='ltr'><strong>est.</strong></span> <span class='ocrx_word' id='word_1_129' title='bbox 405 3143 684 3265; x_wconf 80' lang='lat' dir='ltr'><strong>Agamemnon,</strong></span> <span class='ocrx_word' id='word_1_130' title='bbox 696 3162 871 3255; x_wconf 81' lang='lat' dir='ltr'><strong>Achilles,</strong></span> <span class='ocrx_word' id='word_1_131' title='bbox 885 3163 1045 3238; x_wconf 87' lang='lat' dir='ltr'><strong>Diome-</strong></span> 
     </span>
    </p>
   </div>
   <div class='ocr_carea' id='block_1_7' title="bbox 226 3281 1045 3380">
    <p class='ocr_par' dir='ltr' id='par_1_9' title="bbox 226 3281 1045 3380">
     <span class='ocr_line' id='line_1_27' title="bbox 226 3281 1045 3380; baseline -0.005 -22"><span class='ocrx_word' id='word_1_132' title='bbox 226 3281 312 3380; x_wconf 85' lang='lat' dir='ltr'><strong>des,</strong></span> <span class='ocrx_word' id='word_1_133' title='bbox 329 3281 516 3364; x_wconf 84' lang='lat' dir='ltr'><strong>Menelaus</strong></span> <span class='ocrx_word' id='word_1_134' title='bbox 534 3281 732 3360; x_wconf 83' lang='lat' dir='ltr'><strong>exercitmn</strong></span> <span class='ocrx_word' id='word_1_135' title='bbox 753 3281 922 3358; x_wconf 85' lang='lat' dir='ltr'><strong>educunt.</strong></span> <span class='ocrx_word' id='word_1_136' title='bbox 946 3282 1045 3356; x_wconf 89' lang='lat' dir='ltr'><strong>Con·</strong></span> 
     </span>
    </p>
   </div>
   <div class='ocr_carea' id='block_1_8' title="bbox 0 0 1136 4038">
    <p class='ocr_par' dir='ltr' id='par_1_10' title="bbox 0 0 1136 4038">
     <span class='ocr_line' id='line_1_28' title="bbox 0 0 1136 4038; baseline 0 0"><span class='ocrx_word' id='word_1_137' title='bbox 0 0 1136 4038; x_wconf 95' lang='lat' dir='ltr'><strong> </strong></span> 
     </span>
    </p>
   </div>
  </div>
 </body>
</html>
