2286 4024
148 357 151 360 ·
222 321 296 400 236
409 345 591 395 surana
619 345 674 394 nr
702 343 874 396 rnorrs·

215 461 361 534 Hector
383 457 447 532 uhi
463 439 639 557 plurirnos
662 483 811 533 suornm
838 455 979 552 adesse,
1006 471 1045 532 et

219 578 302 652 satis
328 591 449 652 tutum
477 603 516 652 se
545 577 737 680 intelligit,
764 575 856 650 tollit
886 576 1027 651 animos
1115 577 1121 612 ³

219 695 314 770 Dein
323 691 481 770 clamore
493 718 628 799 magno
643 692 801 798 singulos
813 717 963 770 suorum
975 721 1043 772 no-
1118 617 1122 754 l

218 814 320 889 mine
342 812 553 913 appellans,
579 801 816 890 confidentius
835 813 874 888 in
898 814 1043 892 hostem
1121 861 1124 930 t

217 945 383 1034 pugnare
411 935 577 1007 hortatur
607 961 616 1004 z
647 931 692 1008 ae*
713 953 923 1033 progressus
946 931 1043 1009 intra
1122 943 1125 1014 ἓ

219 1046 357 1144 aciem,¹
370 1049 522 1124 Diorem
538 1066 575 1126 et
590 1047 816 1152 Polyxenam
838 1049 940 1130 Alios
960 1050 1047 1124 satis
1124 1047 1126 1140 l

219 1168 376 1270 impigre
392 1185 595 1270 pugnantes
609 1167 857 1244 vulnerat-At
874 1168 936 1250 uhi
955 1185 1043 1246 eum
1124 1145 1127 1238 l

217 1283 865 1382 Achillesitainhostemprompttun
878 1283 1046 1358 animad-

218 1400 346 1496 vertit,
369 1399 477 1474 simul
498 1400 689 1476 subvenire
707 1398 762 1473 his
771 1454 784 1493 ,
803 1421 894 1500 quos
910 1400 1047 1476 advor-

218 1535 304 1593 'sum
328 1516 482 1592 bellabat
508 1515 679 1615 cupiens,
704 1530 739 1590 et
762 1537 907 1590 memor
922 1508 1047 1616 paullo

218 1651 307 1712 'ante
323 1633 473 1738 repulsae
488 1634 527 1708 in
547 1635 750 1738 Polyxena,
771 1650 896 1709 contra
915 1636 1047 1712 tendit.
1131 1665 1132 1692 ¹

220 1757 510 1856 'Progressusque
556 1752 593 1828 in
640 1751 780 1826 medios
816 1750 1048 1856 Pylaenrenen

220 1869 497 1970 Paphlagonum
506 1866 1049 1970 regemimpedimentosibiop

185 1987 384 2090 positum
396 1983 560 2062 cominus
572 1982 691 2060 fundit
697 2009 793 2079 ‚non
802 1984 958 2060 albnmn
971 2015 1049 2064 san·
1134 1989 1136 2032 l

218 2105 344 2212 'guinis
358 2103 621 2179 Priamidarum
637 2133 646 2175 ε
664 2102 923 2212 perhibebatur
938 2106 1048 2208 quip-

227 2251 275 2324 pe
291 2223 349 2298 hie
362 2221 471 2297 etiam
489 2247 533 2296 ex
545 2221 599 2320 his
608 2277 621 2315 ,
635 2221 699 2322 qui
712 2247 742 2323 a
750 2220 886 2296 Phineo
899 2226 1049 2328 Ageno-

220 2342 277 2420 'ris
294 2338 473 2443 originem
492 2337 679 2439 propriam
699 2339 881 2414 memoria
902 2357 1049 2439 repete-

220 2455 1051 2558 'bantzaquoetiamOlizonamgenitam‚post-

233 2603 344 2678 quam
361 2563 555 2654 adoleverit
564 2629 579 2670 ,
591 2573 782 2649 deductam
803 2575 842 2649 in
855 2575 1055 2649 matrimo-

233 2694 335 2770 nium
348 2689 518 2782 Dardani,

493 2888 684 2960 CAPUT
717 2889 787 2958 Vl.

224 3069 229 3080 ·
285 3045 483 3146 Caranum
496 3043 637 3118 Hector
653 3056 847 3143 postquam
865 3039 911 3116 ad
929 3065 966 3115 se
987 3065 1057 3145 ag-

226 3161 335 3237 mine
355 3157 485 3232 infesto
507 3159 606 3234 tendi
626 3157 744 3252 videt,
760 3183 882 3233 causas
902 3159 979 3233 odii
992 3185 1058 3234 re-

230 3277 403 3354 eordatus
412 3333 425 3370 ,
441 3285 516 3352 non
532 3275 681 3350 ulterius
703 3275 884 3374 ir'npetum
905 3275 973 3354 viri
993 3299 1060 3350 ex·

234 3392 347 3496 periri
357 3417 462 3466 ausus
469 3399 485 3494 ,‘
497 3415 541 3468 ex
552 3384 856 3500 aciesubt'erfugit
871 3423 879 3466 :
893 3417 1058 3495 eumque
