2286 4024
314 306 481 366 nrrue
517 305 737 370 ssconu
868 271 935 360 185

58 445 63 452 '
112 447 316 504 memnone
330 441 510 500 coenatum
522 427 760 532 deducuntur.
776 425 831 500 lbi
843 425 938 527 Ajax

112 543 353 632 conlaudatus
368 563 389 616 a
410 565 514 648 rege,
533 545 637 620 donis
652 545 805 648 egregiis
817 533 937 618 hono-

114 677 217 740 rann
233 688 379 763 :neque
392 663 520 764 reliqui
537 665 645 739 duces
663 664 754 740 facta
768 652 940 766 gestaque

115 778 184 856 viri
195 778 340 854 silentio
356 782 546 856 remittunt
564 813 572 854 ε
588 782 723 884 quippe
736 780 866 882 singuli
879 768 941 854 ex-
1025 821 1027 825 ·

116 895 285 992 tollentes
304 899 497 994 virtutem,-
514 896 719 976 memorare
738 885 848 973 fortia
866 899 941 972 fac-

120 1031 175 1109 ta,
186 1019 440 1107 eversasab'eo
453 1015 507 1092 tot
518 1019 682 1120 Phrygiae
690 999 870 1109 civitates,
882 1015 943 1089 ab<

118 1132 318 1234 ductasque
338 1135 497 1230 prendas,
519 1151 561 1210 'et
583 1135 630 1210 ad
657 1135 883 1232 postremum
903 1131 942 1204 in

122 1245 212 1351 ipsis
237 1245 386 1327 navibus
411 1251 600 1332 adversum
623 1253 823 1330 Hectorem
840 1239 944 1351 egre·

121 1365 223 1468 giam
240 1393 421 1472 pugnam,
448 1367 685 1468 liberatusque
708 1359 783 1471 igrii
807 1368 943 1443 classes.

124 1485 260 1586 Neque
269 1511 438 1588 culquam
447 1484 620 1578 dublum,
634 1508 723 1585 qum
735 1513 776 1558 ea
788 1499 946 1582 tempes-
1007 1555 1008 1562 ,

123 1614 221 1699 tate,
254 1617 310 1675 tot
339 1597 492 1704 egregiis
525 1626 567 1676 ac
596 1600 900 1700 pulcherrimis
868 1625 948 1731 ejus

124 1717 347 1793 facinoribus
359 1743 476 1816 ,spes
497 1743 624 1791 omnes
642 1733 750 1818 atque
770 1743 893 1828 opes
873 1717 948 1790 mi·
965 1789 967 1795 Α

124 1835 233 1912 litiae
223 1863 261 1912 ru
271 1834 378 1912 tub
343 1862 423 1912 uro
431 1851 651 1910 sisterentur
666 1819 850 1912 Caeterum
855 1859 949 1967 'prq-

126 1979 183 2052 ras
204 1953 360 2033 duarum
380 1951 547 2063 nauium,
566 1953 697 2054 quibus
717 1951 863 2029 illatus
852 1951 947 2064 rgnis

127 2099 208 2148 eam
225 2087 367 2170 partem
383 2072 638 2147 tantummodo
656 2085 949 2170 consumpserat,

127 2187 238 2288 Epioe
256 2187 358 2264 brevi
374 2189 538 2264 restituit.
561 2193 733 2291 Tumque
748 2189 864 2266 Graeci
879 2187 950 2278 rati

8 2321 9 2327 ’
128 2323 213 2405 post
238 2307 375 2380 malam
404 2329 567 2410 pugnam
596 2308 776 2408 ijanos
801 2306 950 2408 ulterius
985 2382 987 2386 ,

127 2423 217 2498 nihil
246 2423 374 2500 hostile
394 2447 566 2523 arnume,
575 2423 726 2578 quieti
726 2450 768 2496 ac
785 2422 860 2500 sine
879 2439 953 2502 ter-

127 2568 212 2620 rore
229 2570 348 2636 egere

354 2859 564 2932 CAPUT
598 2861 731 2935 XLV.

176 3013 255 3093 Pru
271 2991 372 3090 idem
390 3029 536 3126 tempqs
551 3013 691 3090 Rhesus
712 3013 828 3114 Ejone
851 3015 953 3118 geni-

130 3155 207 3232 tus,
223 3133 323 3210 haud
342 3131 476 3207 alienus
494 3131 663 3208 aPriami
674 3131 850 3227 amicitia,
868 3158 954 3231 pac·

130 3272 166 3330 ta
191 3251 363 3328 mercede
389 3277 473 3326 cum
485 3249 627 3352 magnis
639 3249 823 3325 Thracum
840 3248 953 3348 copiis

129 3371 356 3486 adventabat
370 3371 405 3449 Is
417 3368 593 3452 incidente
607 3367 683 3473 jam
696 3393 844 3484 uespera
861 3393 952 3480 pau3
