2302 4026
230 242 282 343 96
426 267 597 320 suanae
624 271 681 320 ua
706 249 865 324 raon?

15 339 17 436 l
234 378 384 461 Interim
395 378 433 455 in
447 407 491 457 eo
504 382 581 457 otiow
590 383 667 486 regi
680 385 948 488 Agamemnoni
967 405 1056 462 cum

237 498 404 575 Menelao
437 500 548 580 fratre
573 528 740 578 exercere
769 503 963 586 discordias
990 531 1058 579 va-

234 643 343 694 cuum
355 617 460 714 afuit,
481 620 530 700 ob
551 619 734 720 proditam
754 621 992 724 Iphigeniam.
1018 624 1057 696 Is

232 736 394 838 namque
421 753 578 834 auctor,
604 755 641 816 et
674 739 786 818 veluti
810 766 914 820 causa
938 740 1058 816 luctus

234 854 313 960 ejus
327 854 549 950 credebatur,

14 441 16 508 l

442 1261 652 1331 CAPUT
688 1261 826 1332 VIII.

275 1415 358 1508 'Pan
375 1431 473 1506 idem
487 1449 651 1530 tempus,
663 1432 726 1506 ubi
743 1433 788 1507 de
801 1431 1051 1534 conjuratione

230 1549 404 1626 universae
422 1547 567 1626 Gracia
591 1550 688 1648 apud
707 1550 860 1651 Trojam
875 1575 1049 1647 comper-

231 1685 311 1744 tum
328 1683 405 1762 est,
430 1665 636 1770 auctoribus
655 1666 778 1742 nuncii
803 1667 881 1767 ejus
905 1665 1046 1768 Scythis

230 1785 390 1867 barbaris
397 1783 482 1884 ,qui
495 1783 679 1859 mercandi
691 1784 804 1885 gratia
815 1812 883 1884 per
894 1811 1058 1859 omnem

228 1904 509 2000 Hellespontum
523 1916 750 1976 commutare
764 1927 821 1974 res
836 1928 923 1978 wcum
940 1927 1045 1976 acco·

229 2023 272 2098 lis
282 2020 371 2095 sueti
378 2019 494 2114 ‚ultro
505 2017 668 2119 citroque
680 2019 914 2121 vagabantur,
925 2035 1044 2096 metus

229 2158 338 2240 atque
358 2163 493 2212 moeror
509 2136 698 2212 'universos
716 2135 875 2213 invasere
892 2165 904 2227 3
926 2163 1042 2238 quum

229 2255 380 2359 singuli,
390 2254 519 2356 quibus
528 2255 576 2330 ab
584 2253 688 2329 initio
697 2254 891 2330 Alexandri
905 2255 1043 2330 facinus

228 2375 480 2475 displicuerat,
502 2372 596 2447 male
617 2387 739 2447 actum
756 2373 924 2449 adversus
937 2375 1040 2450 Grae·
1124 2360 1126 2376 ¹

228 2495 349 2587 ciam,
374 2506 411 2564 et
435 2489 483 2562 ob
513 2487 552 2566 id
577 2515 776 2586 paucorum
802 2490 976 2589 pravitate
999 2490 1039 2566 iu
1136 2543 1137 2566 t

227 2632 462 2694 ¹communem
488 2603 685 2702 perniciem
708 2606 968 2704 praecipitatum
993 2606 1039 2682 iri

225 2738 452 2810 testarentur.
466 2724 564 2795 Inter
577 2749 656 2825 quae
669 2738 742 2796 tam
758 2723 904 2799 sollicita
912 2782 925 2820 ‚
934 2753 1038 2827 mag·
1135 2715 1136 2718 ¹

225 2847 273 2926 nt
291 2843 377 2920 cura
394 2838 541 2938 plurimi
554 2867 597 2913 ex
610 2840 711 2914 omui
727 2839 852 2915 ordine
872 2841 974 2935 lecti,
990 2843 1037 2918 ad
1135 2835 1136 2852 ἶ

192 3014 195 3020 ,
227 2959 468 3046 contrahenda
480 2984 523 3030 ex
538 2955 700 3032 finitimis
717 2957 922 3060 regionibus
936 2960 1038 3034 auxi-

224 3082 272 3157 lia
281 3135 294 3173 ,
311 3078 357 3151 ab
374 3073 603 3167 Alexandro,
616 3073 762 3176 aliisque
777 3076 938 3174 pessimis
955 3104 1038 3152 cou-

225 3193 419 3276 sultoribus
431 3190 817 3294 dimittunturzhisque
830 3195 1037 3290 mandatur,
1135 3213 1136 3216 ’

226 3314 280 3394 uti
298 3308 581 3416 quamprimum
608 3310 775 3410 expedito
799 3312 946 3415 negotio
967 3340 1038 3402 ‘re-
