2246 4016
191 333 242 426 44
378 351 558 404 canaan
585 350 640 400 ne
666 331 823 406 ruore:

430 523 623 604 CAPUT
656 529 770 597 XVI.

241 695 346 770 Dein
362 694 400 768 in
413 696 552 794 templo
563 695 717 770 Junonis
730 693 874 797 Argivae
891 685 1010 770 recma
1108 757 1110 766 ,

190 839 270 888 rem
284 814 451 888 omnium
466 813 636 890 declarari
646 810 790 913 placuit.
809 811 924 915 Igitur
937 810 1010 885 sin·
1110 841 1111 846 ¹

191 929 267 1032 guli
281 932 319 1006 in
337 933 493 1028 tabellis,
509 960 597 1034 quas
612 934 659 1008 ad
675 932 908 1034 deligendum
924 929 1008 1005 belli

190 1048 414 1150 principem,
426 1079 537 1153 quem
552 1050 681 1154 cuique
693 1051 894 1145 videretur,
909 1075 1008 1124 acee-

190 1185 341 1267 perant,
364 1169 641 1273 punicislilteris
654 1193 790 1246 nomen
807 1173 1008 1272 Agamem·

191 1286 296 1363 nonis
309 1289 506 1391 designant.
538 1293 592 1363 lta
619 1315 794 1365 consensu
809 1289 977 1362 omnium
994 1321 1009 1381 ,-

192 1407 350 1478 secundo
378 1431 549 1498 rumore,
579 1433 762 1480 summam
787 1405 872 1479 belli
900 1420 1010 1504 atque
1053 1397 1070 1418 ‘

193 1522 368 1598 exercitus
378 1523 417 1596 in
429 1551 466 1599 se
475 1522 642 1624 suscipit:
659 1523 759 1627 quod
768 1523 802 1598 ei
811 1539 847 1598 et
859 1509 1011 1623 propter

141 1717 144 1724 A
193 1642 661 1743 gennanum,cujusgratia
674 1640 1010 1738 bellumidparaba-

193 1774 275 1854 tur,
290 1778 326 1834 et
339 1776 490 1858 propter
502 1785 675 1862 magnam
689 1785 803 1858 opum
816 1758 909 1853 vim,
926 1759 1012 1860 qui-

193 1871 261 1954 bus
273 1893 405 1975 praeter,
413 1888 560 1954 caeteros
577 1875 721 1954 Graeciae
738 1903 840 1980 reges
856 1902 1018 1979 magnae

194 2011 303 2098 atque
311 1995 429 2096 clarus
438 1995 637 2072 habebatur
644 2053 658 2091 ,
674 1996 807 2072 meiito
820 1996 1009 2071 acciderat.

196 2113 290 2188 Dein
315 2114 424 2192 duces
445 2113 704 2212 praefectosque
720 2107 867 2238 impium
884 2113 1013 2188 Achil-

195 2231 298 2325 lem,
327 2231 479 2332 Ajacem
510 2245 546 2305 et
579 2223 1011 2350 Phoenich‘destinant.

196 2352 458 2448 Praeponuntur
483 2353 593 2424 etiam
621 2347 813 2448 campeltri
842 2347 1015 2422 exercitui

197 2467 405 2544 Palamedes
432 2494 518 2543 cum
543 2465 722 2542 Diomede
744 2482 780 2541 et
798 2465 1017 2566 Ulysse,ita

199 2599 239 2658 ut
260 2583 355 2657 inter
375 2608 413 2660 se
435 2585 606 2676 diurnas,
629 2583 906 2684 vigiliarumque
921 2585 1019 2658 vices

200 2702 420 2800 dispertiant.
452 2701 523 2776 His
552 2699 729 2799 peractis,
763 2701 809 2774 ad
841 2701 1019 2799 parandas

111 2802 115 2808 ¹
201 2847 288 2924 opes
312 2837 421 2922 atque
446 2821 685 2893 instrumenta
706 2817 865 2914 militiae,
885 2819 1018 2922 singuli

200 2965 262 3012 sua
271 2939 307 3011 in
317 2966 429 3040 regua
439 2936 636 3012 discedunt.
648 2935 889 3016 Interimbelli
897 2936 1018 3011 studio

200 3057 348 3132 ardebat
361 3056 480 3130 omnis
499 3055 655 3130 Graecia:
668 3081 790 3149 arma,
807 3054 897 3148 tela,
912 3055 1019 3156 equi,

201 3191 441 3276 naves,atque
450 3176 524 3251 haec
536 3173 659 3248 omnia
672 3189 750 3248 toto
768 3172 914 3249 hiennio
927 3202 1020 3274 prae-

202 3307 373 3390 parantur
409 3323 416 3364 :
451 3320 565 3394 quum
595 3292 761 3391 juventus
791 3290 925 3389 partim
954 3295 1020 3367 sua

199 3426 326 3509 sponte
340 3466 353 3506 ,
367 3410 425 3485 alii
438 3409 628 3512 aequalium
645 3411 692 3486 ad
703 3409 859 3514 gloriam
872 3409 1019 3485 aemula-
