2270 4056
10 561 22 602 l

9 671 20 738 l

9 781 20 822 l!

9 893 19 932 el

9 975 17 1044 l

10 1087 18 1152 l

9 1221 15 1262 l

9 1415 13 1481 l

9 1527 14 1591 l

9 1659 12 1700 l

237 349 240 358 .
319 327 495 377 ouuuuu
524 327 576 376 nu
603 321 752 374 ruore.
875 301 937 373 161

130 437 419 534 promiseruntse
431 439 588 512 ficturos
599 463 695 532 esee,
713 465 791 538 quae
802 440 946 513 Hercu-

130 555 183 628 les
193 555 311 631 uellet.
324 557 383 629 Ab
392 556 446 628 his
455 553 672 632 Suluminam
685 556 885 654 profectuS,
900 557 949 630 'ad

130 671 370 746 Telamonem
381 671 615 774 venittrogat
626 698 712 746 eum
723 687 764 750 ut
772 697 895 746 secum
903 672 949 744 ad
1022 701 1026 710 ·

130 789 283 888 Trojam
294 803 350 863 eat
358 845 370 883 ,
389 803 426 862 et
440 815 523 865 suas
533 789 680 889 injurias
691 815 813 863 secum
825 789 951 862 defen-

130 905 204 978 dat.
229 904 408 982 Telamon
431 906 599 1005 promisit
612 909 782 980 omuibus
792 933 829 980 se
847 898 951 1005 para-

130 1037 233 1116 tum,
260 1051 339 1124 quoe
373 1023 551 1099 Hercules
589 1024 706 1100 vellet.
736 1025 828 1124 Inde
854 1024 958 1122 apud.

130 1139 299 1213 Phthiam
317 1141 504 1236 profectus·
515 1157 568 1212 est
580 1143 625 1215 ad
633 1140 805 1233 Peleum',
825 1156 951 1242 rogat·-

132 1282 207 1355 que
221 1282 305 1328 eum
317 1270 358 1327 ut
374 1281 497 1330 secum
512 1271 570 1330 eat
587 1257 633 1329 aul
650 1257 803 1358 Trojam
820 1287 828 1328 :
847 1252 962 1356 polli2
987 1296 991 1305 =

132 1373 295 1474 citusque
309 1389 360 1448 ert
373 1372 407 1447 ei
419 1372 545 1448 Peleus
557 1399 594 1448 se
614 1373 762 1448 iturum.
777 1375 866 1448 Inde
879 1377 955 1478 Py-

133 1489 210 1564 lum
217 1491 262 1565 ad
272 1493 468 1578 Nestorem
476 1493 661 1592 profectus
670 1509 721 1567 est
728 1548 740 1586 ,
755 1507 859 1594 rogat
867 1519 953 1566 eum

136 1610 274 1684 Nestor
287 1607 375 1710 quid
384 1610 534 1685 venerit.
546 1609 816 1686 Herculesdicit
825 1666 837 1704 ,
855 1609 955 1710 quod

9 1781 11 1795 .
134 1725 259 1802 dolore
277 1743 485 1807 commotus
509 1728 575 1820 sit,
591 1727 683 1824 velle
702 1751 739 1802 se
755 1727 953 1804 exercitum
1022 1783 1024 1790 ι

9 1905 11 1918 ,
131 1845 182 1918 in‘
196 1844 391 1946 Phrygiam
421 1844 565 1919 ducere.
592 1846 728 1923 Nestor
751 1845 953 1920 Herculem

130 1961 381 2056 conlaudavit,
408 1989 631 2064 operamque
649 1983 751 2037 suam
773 1961 951 2062 pollicitus

130 2096 196 2155 est.
221 2077 397 2155 Hercules
409 2080 473 2154 ubi
489 2083 655 2156 omnium
675 2081 874 2159 voluntates
891 2081 952 2155 in-

130 2196 285 2292 tellexit,
311 2223 418 2274 naves
447 2227 523 2271 x11.
538 2215 663 2298 parat,
688 2197 820 2273 milites
837 2197 947 2300 eligit.

132 2313 210 2390 Ubi
231 2330 375 2413 tempus
392 2315 518 2387 datum
532 2331 585 2388 est
599 2315 869 2412 proficiscendi,
887 2315 950 2389 lit-

40 2513 43 2516 ·
132 2433 277 2506 terasud
286 2458 348 2507 eos
356 2455 448 2532 quos
456 2432 771 2532 rogaverutmisit‚
791 2431 854 2532 qui
863 2460 947 2507 cum

131 2551 203 2625 suis
228 2549 436 2624 hominibus
461 2575 576 2648 quum
596 2549 773 2625 venissent
796 2549 950 2648 profecti

9 2727 11 2732 .
125 2680 214 2745 'sunt
238 2668 276 2741 in
297 2666 493 2768 Phrygiam
511 2698 519 2739 :
540 2681 576 2741 et
604 2667 652 2740 ad
667 2666 822 2768 Sigaeum
838 2683 949 2744 noctu

132 2801 367 2862 accesserunt.
379 2785 467 2858 Inde
481 2785 675 2878 Hercules,
693 2786 873 2878 Telamon
880 2843 894 2882 ,
913 2803 950 2862 et
1015 2850 1018 2858 .
1053 2819 1054 2822 “

9 2983 10 2988 ,
132 2901 259 2980 Peleus
268 2900 649 2977 exercitumenavibus
657 2902 950 3004 eduxeruntzqui

131 3046 219 3099 vero
247 3017 410 3118 praesidio
434 3033 569 3112 essent,
595 3021 809 3114 Castorem,
825 3021 950 3096 Pollu-

132 3167 232 3234 cem,
247 3155 283 3215 et
291 3137 727 3240 Nestoremreliquerunt.
736 3141 949 3215 Laomedon
1041 3167 1043 3172 ·

132 3285 217 3334 cum
230 3256 388 3358 equestri
405 3255 508 3352 eopia
521 3257 566 3329 ad
580 3283 679 3330 mare
692 3257 809 3350 venit,
826 3273 861 3332 et
875 3285 950 3334 coe-

133 3376 186 3474 pir
198 3373 359 3474 praeliari.
376 3373 556 3452 Hercules
566 3375 613 3449 ud
626 3375 778 3476 Trojam
787 3375 899 3470 ierat,
913 3385 950 3452 et
1069 3433 1074 3442 ,
