2246 4064
286 267 473 358 sunnon
497 260 557 351 =nu
584 299 740 362 raora.
850 276 920 368 237

94 413 195 486 uara
221 409 282 490 dar
305 390 451 484 serenda
472 411 517 488 ad
530 411 753 488 Hecubam:
774 425 809 486 et
823 408 869 482 ab
883 436 926 483 ea

104 529 182 610 ‚sibi
195 553 346 602 uxorem
360 526 475 626 poscit
489 558 498 600 z
513 529 583 632 hoc
593 527 623 603 si
631 525 757 602 fecerit
765 541 827 618 ,'se
840 551 924 618 cum

113 645 191 730 suis
214 646 509 748 Myrmidonibus
534 647 688 724 domum
711 641 933 722 rediturum.-

90 849 92 856 y
116 763 228 864 Quod
240 791 355 865 quum
371 763 603 863 ipscfeccrit,
625 773 769 848 caeteros
781 785 935 864 quoque:
1050 828 1055 836 .
1103 863 1107 868 .

116 881 217 957 idem
243 883 412 958 facturos.
440 887 578 976 'Servus
597 881 860 983 proficiscitur,
882 871 946 957 ad
992 970 995 974 ¹

112 995 311 1075 'Hecubam
324 999 422 1104 venit
431 1055 445 1093 ‚
460 1001 629 1074 mandata
650 999 759 1074 dicit:
775 997 929 1073 Hecuba
1027 1093 1033 1104 ι

119 1117 305 1228 respondit
317 1130 355 1192 se
368 1115 458 1194 velle
464 1173 476 1212 ,
490 1117 552 1218 sed
570 1117 598 1189 si
613 1117 757 1190 Priamo
774 1114 852 1192 tiro
865 1104 930 1189 suo

118 1220 283 1334 placeat:
298 1233 410 1310 dum
399 1260 476 1334 rpsa
489 1261 573 1310 cum
586 1233 731 1308 Priamo
745 1248 845 1346 agat,
857 1258 932 1308 ser·
1003 1301 1008 1306 .

120 1351 337 1429 vusrcverti
353 1351 530 1452 jubetur·
546 1377 667 1426 servus
684 1351 784 1452 quod
804 1349 933 1454 egisset

122 1447 255 1546 Achilli
272 1467 431 1545 nunciat
449 1471 707 1570 Agamemnon
730 1495 814 1541 cum
827 1495 934 1571 mag·
1012 1497 1015 1502 ·
1067 1558 1084 1565 κ

122 1613 172 1664 no
194 1602 402 1663 commeatu
421 1585 466 1660 ad
491 1599 565 1661 cast
565 1611 605 1658 ra
550 1582 830 1660 trevcrtitur.
850 1587 935 1660 He·
1009 1621 1024 1650 ·.
1073 1614 1076 1618 ’

121 1704 217 1782 cuba
232 1729 317 1786 cum
336 1701 482 1778 Priamo
500 1703 546 1778 de
566 1700 772 1792 conditione
788 1699 936 1776 Achillis

120 1816 937 1922 loquitur.Priamusrespondit,fierinonpos·
992 1809 994 1814 ’

122 1935 561 2041 seznonideo‘quodeum
568 1932 936 2036 affinitateindignum

123 2053 305 2131 existimet
312 2079 325 2144 3
340 2052 405 2132 red
414 2051 454 2130 siv
464 2050 499 2127 ei
510 2050 672 2147 dederit,
684 2062 721 2127 et
736 2050 795 2128 ille
807 2052 938 2127 disces·

5 2185 6 2194 ’
123 2171 234 2265 serit3
253 2183 403 2262 comtos
428 2195 504 2245 non
525 2169 741 2245 discessuros
769 2199 777 2242 :
806 2183 843 2245 et
864 2168 938 2244 ini

123 2315 242 2392 quum
264 2312 360 2383 csse,
385 2286 497 2361 filiam
522 2313 626 2361 suam
650 2287 744 2363 hosti
771 2287 934 2391 jungere.

125 2404 403 2510 Quapmptersi
422 2403 461 2480 id
482 2401 561 2478 fieri
579 2403 709 2498 vellet,
723 2431 794 2504 pax
810 2431 941 2504 perpe·

127 2541 191 2604 tna
221 2524 306 2619 fiat,
331 2538 368 2600 et
389 2520 568 2598 exercitus
590 2519 770 2616 discedat,
795 2521 943 2600 foederis

5 2625 10 2658 ⁷
127 2644 210 2746 jura
231 2641 446 2720 sanciantur.
471 2636 509 2740 Si
531 2637 570 2712 id
591 2635 728 2712 factum
752 2638 819 2734 sit,
843 2665 888 2748 se¹
906 2638 941 2716 ei

128 2761 282 2858 libenter
304 2757 420 2834 filiam
449 2756 631 2832 daturum.
665 2757 790 2856 Itaque
820 2756 938 2858 quum

128 2901 251 2956 servus
261 2875 308 2951 ad
318 2874 512 2952 Hecubam
524 2871 654 2946 missus
662 2871 943 2949 essetabAchil·

131 2995 185 3089 le,
198 2992 325 3070 eadem
336 2991 490 3068 Hecuba
504 3017 584 3093 quae
596 3016 683 3066 cum
694 2987 844 3064 Priamo
859 3016 946 3095 egeq

18 3171 23 3177 -
132 3127 189 3190 rat
205 3135 310 3186 servo
332 3108 420 3184 dicit
443 3139 453 3182 a
472 3133 596 3194 servus
616 3107 747 3194 Achilli
766 3108 913 3212 nunciat
931 3137 940 3181 a

35 3243 39 3250 '
130 3227 419 3330 Achillos'wlgo
445 3229 628 3330 queritur,
652 3227 759 3304 unius
782 3225 944 3308 mulieris

131 3348 283 3428 Helenor
302 3371 408 3426 causa
425 3360 541 3428 totam
560 3345 738 3428 Graeciam
764 3361 801 3424 et
823 3347 946 3456 Εμτοι,
1002 3373 1004 3378 ·
1046 3333 1049 3340 ’
