2302 4026
178 315 246 412 164
358 325 796 394 eununru'rrnorr·
849 323 853 328 ’
914 363 919 374 ,

172 455 306 530 illatum
325 459 370 531 ab
384 459 659 560 Agamemnone
671 456 862 556 injuriam,
878 471 913 529 et
925 449 986 527 ab'·

172 573 317 648 ductam
345 575 657 674 Hippodamiam,
675 574 763 647 nihil
786 572 897 646 animi
924 599 985 646 re-

171 690 338 781 miserat;
354 706 475 765 tamen
491 691 648 764 maxime
662 691 866 792 indignatus
885 690 984 791 quod

171 808 316 909 reliquis
329 809 531 886 ducibusad
542 836 681 884 coenam
696 807 875 902 deductis,
888 807 985 882 solus

172 926 543 1025 contemptuihabitus
550 925 859 1002 intermitteretur.
874 929 986 1000 Caete·

173 1069 256 1114 rum
277 1042 442 1115 ordinato
457 1042 648 1136 exercitu,
661 1071 702 1118 ac
720 1059 806 1117 tunc
822 1043 985 1141 primum

156 1155 340 1234 *omnihus
352 1160 659 1258 copiisadversurn
667 1186 705 1234 se
716 1159 895 1235 instructis
904 1161 988 1233 hos-
1058 1151 1060 1159 Α

173 1277 286 1370 tibus,
301 1278 364 1350 uhi
377 1294 502 1362 neutra
515 1305 597 1377 pars
615 1279 843 1354 committere
857 1279 986 1374 audet,

173 1393 355 1492 paulisper
374 1395 411 1468 in
431 1393 512 1471 loeo
530 1395 677 1470 retentis
693 1395 887 1488 militibus,
907 1410 986 1468 tan-

173 1535 286 1610 quam
307 1513 351 1590 de
372 1513 545 1589 industria
565 1513 734 1616 utrinque
753 1511 913 1612 receptui
927 1539 987 1610 ea-

174 1644 283 1703 mtur.

334 2123 537 2196 CAPUT
573 2123 826 2198 XXXVII.

221 2297 374 2384 Jruour
391 2297 507 2373 Graeci
520 2295 671 2399 regressi
687 2294 733 2368 ad
746 2279 853 2371 nares
862 2350 875 2389 ,
887 2319 990 2368 anua

173 2413 376 2512 deponere,
398 2442 439 2490 ac
453 2413 582 2516 singuli
602 2441 669 2512 per
688 2411 766 2487 loca
790 2411 891 2486 solita
909 2438 991 2487 cor-

173 2557 241 2626 pus
253 2531 333 2604 cibo
343 2555 467 2603 curare
482 2543 712 2624 occoeperant
722 2582 734 2618 ,
743 2553 858 2626 quum
870 2527 990 2601 Achil·

172 2644 222 2720 les
247 2646 364 2720 ultum
390 2645 442 2718 ire
473 2643 620 2742 cupiens
651 2641 821 2742 injurias,
844 2644 991 2744 ignaros

174 2763 309 2838 consilii
323 2762 376 2834 sui
390 2776 555 2854 nostros,
575 2775 609 2834 et
630 2761 678 2833 ob
696 2761 732 2834 id
751 2760 863 2835 otiose
880 2789 991 2864 agen-

168 2897 227 2978 tes
236 2936 249 2973 ,
262 2879 354 2954 clam
367 2879 535 2955 invadere
553 2893 676 2952 tentat.
694 2880 745 2951 At
757 2877 820 2950 ubi
840 2879 989 2980 Ulysses

176 3026 197 3071 a
219 2995 446 3090 custodibus,
470 2996 532 3096 qui
554 2994 784 3094 eruptionem
802 2996 878 3095 ejus
896 3023 990 3093 pra>-

177 3129 383 3207 senseraut‚
398 3141 477 3188 rem
498 3111 696 3212 comperit,
714 3136 868 3209 propere
882 3113 989 3188 duces

64 3225 67 3232 “
177 3232 458 3308 circumcursans
469 3258 601 3332 magna
615 3255 703 3306 voce
717 3244 866 3324 monet,
882 3246 991 3332 atque

136 3401 138 3408 ι
177 3351 341 3425 hortatur
349 3347 402 3424 uti
411 3348 520 3424 armis
533 3347 684 3454 arreptis
697 3361 883 3424 tuerentur
895 3373 989 3425 sese:
