2302 4026
190 263 263 374 104Ι
376 301 632 351 cananeae
660 281 822 354 ruore!

190 414 380 507 omnihus,
394 431 430 516 et
447 416 495 488 oh
508 414 546 488 id
560 431 687 490 cuncta
702 416 980 516 impedientibus
992 417 1010 512 ‚¹
1128 407 1130 478 l

193 547 349 636 possent.
365 533 424 606 Ad
437 549 662 631 postremum
674 551 795 609 tamen
802 592 814 628 ‚
828 534 869 607 hi·
879 535 1009 636 quihus

191 651 230 740 in
249 679 289 726 ea
308 651 534 728 festi-natione
551 655 715 730 armandi
727 671 841 730 semet
854 635 1021 753 potestas‘

192 771 286 876 fuit,
306 772 511 846 confirmati
524 772 620 850 inter
634 799 671 847 se
692 773 869 867 invicem,
883 772 1012 848 aeriter
1105 815 1107 822 ⁴
1130 759 1131 762 Ἴ

195 889 315 964 hostes
331 889 531 986 incurrunt.
544 892 614 966 Sed
627 891 716 974 inea
725 919 846 994 pugna
859 892 1012 966 Protesi·
1058 919 1063 928 ·

195 1005 271 1080 laus
282 1063 299 1104 ‚y
310 1008 411 1107 eujus
423 1007 650 1106 navisprima
658 1009 823 1083 omnium
835 1025 937 1083 terrae
946 1009 1013 1081 a'd-

195 1125 1013 1224 motaerat,interprimoshellando,adpostre·

195 1269 299 1332 mum
310 1243 380 1315 telo
394 1234 516 1316 AErreae
525 1243 615 1316 ictus
621 1245 704 1316 ruit.
715 1243 889 1318 Occidere
904 1244 1013 1338 etiarn

198 1361 270 1448 duo
284 1359 417 1433 Priami
427 1360 496 1459 ‘filii
512 1392 519 1432 :
538 1387 657 1461 neque
671 1362 807 1462 reliqna
819 1362 1013 1436 multitudo

196 1493 348 1582 utraque
361 1507 404 1554 ex
414 1495 515 1580 parte
528 1477 635 1554 eladis
647 1481 724 1580 ejus
741 1507 867 1580 expers
874 1479 957 1552 fuit.

442 1683 643 1751 CAPUT¹
668 1684 769 1751 XII.

247 1833 445 1904 Caranon
463 1832 618 1906 Achilles
632 1849 667 1906 et
681 1833 774 1934 Ajax
783 1831 1010 1925 Telamonis,

199 1973 356 2047 quorum
385 1947 517 2022 virtute
549 1940 665 2024 Graeci
695 1937 1013 2041 sustentabantur,

198 2093 330 2166 magna
351 2065 466 2167 gloria
483 2065 714 2161 dimicantes,
736 2082 878 2141 metum
903 2065 1015 2140 hosti-

199 2183 286 2274 bus,
301 2198 336 2255 et
351 2173 519 2257 fiduciam
530 2183 602 2257 suis
617 2186 778 2259 effecere.
793 2186 926 2286 Neque
939 2211 1015 2256 am·

199 2300 293 2398 plius
314 2300 427 2374 resisti
449 2301 525 2400 jam
548 2302 644 2400 apud
664 2330 726 2376 eos
742 2317 910 2399 poterat,
928 2301 1016 2401 quin
1065 2371 1069 2384 f
1137 2365 1138 2376 ,

200 2416 375 2515 patrlatim
399 2418 742 2508 decedentibus-his
765 2443 857 2518 quos
883 2417 1015 2506 advorff
1137 2393 1138 2436 ³

200 2559 282 2606 sum
304 2533 443 2626 ierant,
461 2534 507 2606 ad
523 2549 749 2630 postremum
770 2535 890 2608 cuncti
912 2533 1017 2635 fuga·
1071 2597 1076 2602 .

57 2721 76 2744 ,
201 2666 337 2724 rentur.
361 2656 413 2724 Ita
433 2651 547 2725 libero
571 2652 616 2724 ab
639 2651 799 2724 hostibus
819 2667 1016 2748 tempore,

202 2768 317 2844 Graeci
328 2769 519 2848 subductas
531 2795 661 2862 naves,
675 2783 782 2869 atque
794 2768 831 2840 in
848 2768 1016 2844 ordinem
1074 2853 1079 2862 ,

204 2887 421 2985 compositas
439 2902 517 2960 tuto
530 2886 717 2962 collocant.
732 2885 826 2978 Dein
842 2913 886 2960 ex
898 2887 1016 2961 omni-
1078 2949 1081 2956 ,

203 3005 271 3079 bus
292 3005 471 3080 Achillem
493 3020 529 3080 et
548 3005 700 3107 Ajacem
727 3003 983 3078 Telamonium
1004 3061 1017 3098 ‚
1083 3065 1086 3074 .

205 3149 370 3222 quorum
382 3123 514 3198 virtute
528 3123 686 3196 maxime
701 3121 883 3213 fidebant,
901 3139 1020 3198 eusto-

205 3239 269 3311 ‹les
281 3238 433 3341 diligunt
450 3271 457 3310 :
476 3240 602 3340 hisque
620 3237 769 3312 tutelam
782 3236 946 3313 classium
962 3255 1023 3313 at-

206 3381 277 3455 que
291 3357 465 3466 exereitus
481 3382 547 3456 per
558 3355 667 3432 latera
684 3371 792 3457 atque
806 3381 941 3435 cornua
956 3355 1023 3432 dis-
