<?xml version="1.0" encoding="UTF-8"?>
<!DOCTYPE html PUBLIC "-//W3C//DTD XHTML 1.0 Transitional//EN"
    "http://www.w3.org/TR/xhtml1/DTD/xhtml1-transitional.dtd">
<html xmlns="http://www.w3.org/1999/xhtml" xml:lang="en" lang="en">
 <head>
  <title>
</title>
<meta http-equiv="Content-Type" content="text/html;charset=utf-8" />
  <meta name='ocr-system' content='tesseract 3.04.00' />
  <meta name='ocr-capabilities' content='ocr_page ocr_carea ocr_par ocr_line ocrx_word'/>
</head>
<body>
  <div class='ocr_page' id='page_1' title='image "./histoiredelague01cailgoog_0194.png"; bbox 0 0 2302 4026; ppageno 0'>
   <div class='ocr_carea' id='block_1_1' title="bbox 350 320 1039 398">
    <p class='ocr_par' dir='ltr' id='par_1_1' title="bbox 350 320 1039 398">
     <span class='ocr_line' id='line_1_1' title="bbox 350 320 1039 398; baseline -0.003 -4"><span class='ocrx_word' id='word_1_1' title='bbox 350 344 772 398; x_wconf 79' lang='lat' dir='ltr'><strong>urvnusncoun.</strong></span> <span class='ocrx_word' id='word_1_2' title='bbox 902 320 1039 396; x_wconf 75' lang='lat'><strong>163.</strong></span> 
     </span>
    </p>
   </div>
   <div class='ocr_carea' id='block_1_2' title="bbox 156 449 1094 2440">
    <p class='ocr_par' dir='ltr' id='par_1_2' title="bbox 156 449 1094 2440">
     <span class='ocr_line' id='line_1_2' title="bbox 156 449 974 560; baseline 0.001 -34"><span class='ocrx_word' id='word_1_3' title='bbox 156 449 229 526; x_wconf 88' lang='lat' dir='ltr'><strong>don</strong></span> <span class='ocrx_word' id='word_1_4' title='bbox 245 451 401 530; x_wconf 84' lang='lat' dir='ltr'><strong>Xantho</strong></span> <span class='ocrx_word' id='word_1_5' title='bbox 417 455 558 557; x_wconf 84' lang='lat' dir='ltr'><strong>genitus</strong></span> <span class='ocrx_word' id='word_1_6' title='bbox 571 472 691 530; x_wconf 87' lang='lat' dir='ltr'><strong>rector</strong></span> <span class='ocrx_word' id='word_1_7' title='bbox 702 454 974 560; x_wconf 82' lang='lat' dir='ltr'><strong>Lyciorum,ex</strong></span> 
     </span>
     <span class='ocr_line' id='line_1_3' title="bbox 156 571 976 672; baseline 0.002 -26"><span class='ocrx_word' id='word_1_8' title='bbox 156 571 306 646; x_wconf 89' lang='lat' dir='ltr'><strong>Solemo</strong></span> <span class='ocrx_word' id='word_1_9' title='bbox 331 575 491 648; x_wconf 84' lang='lat' dir='ltr'><strong>:Nastes</strong></span> <span class='ocrx_word' id='word_1_10' title='bbox 519 589 555 650; x_wconf 87' lang='lat' dir='ltr'><strong>et</strong></span> <span class='ocrx_word' id='word_1_11' title='bbox 580 573 869 672; x_wconf 83' lang='lat' dir='ltr'><strong>Amphimachus</strong></span> <span class='ocrx_word' id='word_1_12' title='bbox 894 573 976 648; x_wconf 87' lang='lat' dir='ltr'><strong>No-</strong></span> 
     </span>
     <span class='ocr_line' id='line_1_4' title="bbox 158 687 977 789; baseline 0.002 -27"><span class='ocrx_word' id='word_1_13' title='bbox 158 687 294 764; x_wconf 86' lang='lat' dir='ltr'><strong>mionis</strong></span> <span class='ocrx_word' id='word_1_14' title='bbox 320 690 366 766; x_wconf 89' lang='lat' dir='ltr'><strong>de</strong></span> <span class='ocrx_word' id='word_1_15' title='bbox 394 691 523 776; x_wconf 84' lang='lat' dir='ltr'><strong>Caria:</strong></span> <span class='ocrx_word' id='word_1_16' title='bbox 540 691 721 789; x_wconf 73' lang='lat' dir='ltr'><strong>Antiphus</strong></span> <span class='ocrx_word' id='word_1_17' title='bbox 745 707 782 766; x_wconf 90' lang='lat' dir='ltr'><strong>et</strong></span> <span class='ocrx_word' id='word_1_18' title='bbox 806 689 977 764; x_wconf 87' lang='lat' dir='ltr'><strong>Mesthles</strong></span> 
     </span>
     <span class='ocr_line' id='line_1_5' title="bbox 160 805 978 910; baseline -0.002 -30"><span class='ocrx_word' id='word_1_19' title='bbox 160 805 327 908; x_wconf 87' lang='lat' dir='ltr'><strong>genitore</strong></span> <span class='ocrx_word' id='word_1_20' title='bbox 356 808 588 910; x_wconf 72' lang='lat' dir='ltr'><strong>Pylaemene,</strong></span> <span class='ocrx_word' id='word_1_21' title='bbox 614 807 760 884; x_wconf 83' lang='lat' dir='ltr'><strong>Maeonii</strong></span> <span class='ocrx_word' id='word_1_22' title='bbox 787 839 795 881; x_wconf 90' lang='lat'>:</span> <span class='ocrx_word' id='word_1_23' title='bbox 822 807 978 883; x_wconf 83' lang='lat' dir='ltr'>Glaucus</span> 
     </span>
     <span class='ocr_line' id='line_1_6' title="bbox 159 923 979 1030; baseline 0.002 -32"><span class='ocrx_word' id='word_1_24' title='bbox 159 923 387 1023; x_wconf 87' lang='lat' dir='ltr'><strong>Hippolochi</strong></span> <span class='ocrx_word' id='word_1_25' title='bbox 400 927 534 1030; x_wconf 84' lang='lat' dir='ltr'><strong>Lycius</strong></span> <span class='ocrx_word' id='word_1_26' title='bbox 542 957 553 1018; x_wconf 90' lang='lat'><strong>‚·</strong></span> <span class='ocrx_word' id='word_1_27' title='bbox 571 955 681 1028; x_wconf 89' lang='lat' dir='ltr'><strong>quem</strong></span> <span class='ocrx_word' id='word_1_28' title='bbox 695 927 762 1000; x_wconf 89' lang='lat' dir='ltr'><strong>sibi</strong></span> <span class='ocrx_word' id='word_1_29' title='bbox 773 927 979 1024; x_wconf 86' lang='lat' dir='ltr'><strong>Sarpedon,</strong></span> 
     </span>
     <span class='ocr_line' id='line_1_7' title="bbox 159 1041 980 1146; baseline 0 -30"><span class='ocrx_word' id='word_1_30' title='bbox 159 1043 263 1143; x_wconf 83' lang='lat' dir='ltr'><strong>quod</strong></span> <span class='ocrx_word' id='word_1_31' title='bbox 274 1058 404 1141; x_wconf 80' lang='lat' dir='ltr'><strong>praeter</strong></span> <span class='ocrx_word' id='word_1_32' title='bbox 416 1060 560 1120; x_wconf 79' lang='lat' dir='ltr'><strong>caeteros</strong></span> <span class='ocrx_word' id='word_1_33' title='bbox 573 1043 729 1146; x_wconf 75' lang='lat' dir='ltr'><strong>regionis</strong></span> <span class='ocrx_word' id='word_1_34' title='bbox 742 1044 819 1145; x_wconf 85' lang='lat' dir='ltr'><strong>ejus</strong></span> <span class='ocrx_word' id='word_1_35' title='bbox 832 1041 980 1119; x_wconf 88' lang='lat' dir='ltr'><strong>consiliu</strong></span> 
     </span>
     <span class='ocr_line' id='line_1_8' title="bbox 159 1161 1094 1268; baseline -0.003 -36"><span class='ocrx_word' id='word_1_36' title='bbox 159 1176 271 1261; x_wconf 80' lang='lat' dir='ltr'><strong>atque</strong></span> <span class='ocrx_word' id='word_1_37' title='bbox 285 1161 394 1237; x_wconf 85' lang='lat' dir='ltr'><strong>armis</strong></span> <span class='ocrx_word' id='word_1_38' title='bbox 407 1163 588 1261; x_wconf 87' lang='lat' dir='ltr'><strong>pollebat,</strong></span> <span class='ocrx_word' id='word_1_39' title='bbox 603 1162 816 1264; x_wconf 81' lang='lat' dir='ltr'><strong>participem</strong></span> <span class='ocrx_word' id='word_1_40' title='bbox 832 1161 981 1237; x_wconf 78' lang='lat' dir='ltr'><strong>bellica·</strong></span> <span class='ocrx_word' id='word_1_41' title='bbox 1007 1252 1036 1268; x_wconf 22' lang='grc' dir='ltr'>ἢ</span> <span class='ocrx_word' id='word_1_42' title='bbox 1093 1220 1094 1229; x_wconf 73' lang='grc'>,</span> 
     </span>
     <span class='ocr_line' id='line_1_9' title="bbox 159 1279 982 1382; baseline 0 -30"><span class='ocrx_word' id='word_1_43' title='bbox 159 1303 247 1352; x_wconf 82' lang='lat' dir='ltr'><strong>rum</strong></span> <span class='ocrx_word' id='word_1_44' title='bbox 264 1305 389 1354; x_wconf 88' lang='lat' dir='ltr'><strong>rerum</strong></span> <span class='ocrx_word' id='word_1_45' title='bbox 406 1279 602 1358; x_wconf 80' lang='lat' dir='ltr'><strong>adsciverat</strong></span> <span class='ocrx_word' id='word_1_46' title='bbox 617 1312 626 1352; x_wconf 71' lang='grc' dir='ltr'><strong><em>ε</em></strong></span> <span class='ocrx_word' id='word_1_47' title='bbox 641 1281 801 1382; x_wconf 78' lang='lat' dir='ltr'><strong>Phorcys</strong></span> <span class='ocrx_word' id='word_1_48' title='bbox 817 1295 853 1356; x_wconf 88' lang='lat' dir='ltr'><strong>et</strong></span> <span class='ocrx_word' id='word_1_49' title='bbox 865 1281 982 1354; x_wconf 78' lang='lat' dir='ltr'><strong>Asea·-</strong></span> 
     </span>
     <span class='ocr_line' id='line_1_10' title="bbox 160 1393 983 1500; baseline 0.002 -30"><span class='ocrx_word' id='word_1_50' title='bbox 160 1393 245 1472; x_wconf 87' lang='lat' dir='ltr'><strong>nius</strong></span> <span class='ocrx_word' id='word_1_51' title='bbox 257 1397 419 1500; x_wconf 82' lang='lat' dir='ltr'><strong>Phryges</strong></span> <span class='ocrx_word' id='word_1_52' title='bbox 435 1427 443 1472; x_wconf 71' lang='grc' dir='ltr'><strong><em>ε</em></strong></span> <span class='ocrx_word' id='word_1_53' title='bbox 460 1397 632 1486; x_wconf 79' lang='lat' dir='ltr'><strong>Chromis</strong></span> <span class='ocrx_word' id='word_1_54' title='bbox 643 1397 822 1491; x_wconf 90' lang='lat' dir='ltr'><strong>Midonis,</strong></span> <span class='ocrx_word' id='word_1_55' title='bbox 836 1425 880 1472; x_wconf 84' lang='lat' dir='ltr'><strong>ex</strong></span> <span class='ocrx_word' id='word_1_56' title='bbox 892 1399 983 1472; x_wconf 83' lang='lat' dir='ltr'><strong>Moe-</strong></span> 
     </span>
     <span class='ocr_line' id='line_1_11' title="bbox 162 1505 983 1618; baseline 0.001 -32"><span class='ocrx_word' id='word_1_57' title='bbox 162 1511 215 1592; x_wconf 82' lang='lat' dir='ltr'><strong>sia</strong></span> <span class='ocrx_word' id='word_1_58' title='bbox 232 1545 240 1585; x_wconf 78' lang='grc' dir='ltr'><strong><em>ε</em></strong></span> <span class='ocrx_word' id='word_1_59' title='bbox 256 1516 486 1618; x_wconf 79' lang='lat' dir='ltr'><strong>Pyraechmes</strong></span> <span class='ocrx_word' id='word_1_60' title='bbox 498 1505 582 1594; x_wconf 77' lang='lat' dir='ltr'><strong>Axii</strong></span> <span class='ocrx_word' id='word_1_61' title='bbox 604 1516 766 1592; x_wconf 88' lang='lat' dir='ltr'><strong>Paeonius</strong></span> <span class='ocrx_word' id='word_1_62' title='bbox 780 1545 788 1586; x_wconf 75' lang='grc' dir='ltr'><strong>ε</strong></span> <span class='ocrx_word' id='word_1_63' title='bbox 801 1512 983 1614; x_wconf 87' lang='lat' dir='ltr'><strong>Amphius</strong></span> 
     </span>
     <span class='ocr_line' id='line_1_12' title="bbox 161 1631 981 1735; baseline -0.004 -29"><span class='ocrx_word' id='word_1_64' title='bbox 161 1647 199 1706; x_wconf 88' lang='lat' dir='ltr'><strong>et</strong></span> <span class='ocrx_word' id='word_1_65' title='bbox 212 1633 388 1708; x_wconf 78' lang='lat' dir='ltr'>Adrastus</span> <span class='ocrx_word' id='word_1_66' title='bbox 401 1635 554 1732; x_wconf 89' lang='lat' dir='ltr'><strong>Merope</strong></span> <span class='ocrx_word' id='word_1_67' title='bbox 570 1633 681 1735; x_wconf 85' lang='lat' dir='ltr'><strong>geniti</strong></span> <span class='ocrx_word' id='word_1_68' title='bbox 691 1689 703 1727; x_wconf 87' lang='lat'><strong>,</strong></span> <span class='ocrx_word' id='word_1_69' title='bbox 713 1661 754 1707; x_wconf 83' lang='lat' dir='ltr'><strong>ex</strong></span> <span class='ocrx_word' id='word_1_70' title='bbox 771 1631 981 1706; x_wconf 85' lang='lat' dir='ltr'><strong>Adrestina:</strong></span> 
     </span>
     <span class='ocr_line' id='line_1_13' title="bbox 160 1748 987 1854; baseline -0.005 -28"><span class='ocrx_word' id='word_1_71' title='bbox 160 1748 272 1826; x_wconf 80' lang='lat' dir='ltr'><strong>Asius</strong></span> <span class='ocrx_word' id='word_1_72' title='bbox 296 1751 452 1854; x_wconf 89' lang='lat' dir='ltr'><strong>Hyrtaci</strong></span> <span class='ocrx_word' id='word_1_73' title='bbox 476 1753 578 1826; x_wconf 86' lang='lat' dir='ltr'><strong>Sesto</strong></span> <span class='ocrx_word' id='word_1_74' title='bbox 605 1780 613 1822; x_wconf 76' lang='grc' dir='ltr'><em>τ</em></span> <span class='ocrx_word' id='word_1_75' title='bbox 640 1750 730 1854; x_wconf 54' lang='grc' dir='ltr'><strong>Ιἀείιτι</strong></span> <span class='ocrx_word' id='word_1_76' title='bbox 761 1749 850 1822; x_wconf 87' lang='lat' dir='ltr'><strong>alius</strong></span> <span class='ocrx_word' id='word_1_77' title='bbox 876 1748 987 1824; x_wconf 84' lang='lat' dir='ltr'><strong>Asius</strong></span> 
     </span>
     <span class='ocr_line' id='line_1_14' title="bbox 159 1867 985 1972; baseline -0.002 -26"><span class='ocrx_word' id='word_1_78' title='bbox 159 1872 345 1972; x_wconf 84' lang='lat' dir='ltr'><strong>Dymante</strong></span> <span class='ocrx_word' id='word_1_79' title='bbox 375 1869 546 1972; x_wconf 79' lang='lat' dir='ltr'><strong>genituS‚</strong></span> <span class='ocrx_word' id='word_1_80' title='bbox 576 1869 739 1944; x_wconf 88' lang='lat' dir='ltr'><strong>Hecubae</strong></span> <span class='ocrx_word' id='word_1_81' title='bbox 765 1867 912 1962; x_wconf 84' lang='lat' dir='ltr'><strong>frater,</strong></span> <span class='ocrx_word' id='word_1_82' title='bbox 941 1895 985 1944; x_wconf 85' lang='lat' dir='ltr'><strong>ex</strong></span> 
     </span>
     <span class='ocr_line' id='line_1_15' title="bbox 160 1985 986 2092; baseline -0.001 -30"><span class='ocrx_word' id='word_1_83' title='bbox 160 1987 331 2092; x_wconf 81' lang='lat' dir='ltr'><strong>Phrygia.</strong></span> <span class='ocrx_word' id='word_1_84' title='bbox 346 1990 427 2060; x_wconf 92' lang='lat' dir='ltr'><strong>Hos</strong></span> <span class='ocrx_word' id='word_1_85' title='bbox 440 2013 569 2061; x_wconf 90' lang='lat' dir='ltr'><strong>omnes</strong></span> <span class='ocrx_word' id='word_1_86' title='bbox 578 2012 669 2088; x_wconf 90' lang='lat' dir='ltr'><strong>quos</strong></span> <span class='ocrx_word' id='word_1_87' title='bbox 678 1985 986 2082; x_wconf 84' lang='lat' dir='ltr'><strong>memoravimus,</strong></span> 
     </span>
     <span class='ocr_line' id='line_1_16' title="bbox 162 2104 983 2198; baseline -0.002 -18"><span class='ocrx_word' id='word_1_88' title='bbox 162 2104 277 2180; x_wconf 87' lang='lat' dir='ltr'><strong>secuti</strong></span> <span class='ocrx_word' id='word_1_89' title='bbox 287 2104 395 2178; x_wconf 87' lang='lat' dir='ltr'><strong>multi</strong></span> <span class='ocrx_word' id='word_1_90' title='bbox 406 2104 577 2179; x_wconf 82' lang='lat' dir='ltr'><strong>mortales</strong></span> <span class='ocrx_word' id='word_1_91' title='bbox 588 2104 780 2181; x_wconf 84' lang='lat' dir='ltr'><strong>inconditis</strong></span> <span class='ocrx_word' id='word_1_92' title='bbox 792 2104 957 2180; x_wconf 89' lang='lat' dir='ltr'><strong>moribus</strong></span> <span class='ocrx_word' id='word_1_93' title='bbox 970 2159 983 2198; x_wconf 95' lang='lat'><strong>,</strong></span> 
     </span>
     <span class='ocr_line' id='line_1_17' title="bbox 160 2221 985 2322; baseline -0.002 -25"><span class='ocrx_word' id='word_1_94' title='bbox 160 2251 204 2298; x_wconf 87' lang='lat' dir='ltr'><strong>ac</strong></span> <span class='ocrx_word' id='word_1_95' title='bbox 223 2221 357 2322; x_wconf 84' lang='lat' dir='ltr'><strong>dispari</strong></span> <span class='ocrx_word' id='word_1_96' title='bbox 380 2247 470 2297; x_wconf 89' lang='lat' dir='ltr'><strong>sono</strong></span> <span class='ocrx_word' id='word_1_97' title='bbox 491 2222 611 2318; x_wconf 82' lang='lat' dir='ltr'><strong>vocis,</strong></span> <span class='ocrx_word' id='word_1_98' title='bbox 636 2223 712 2298; x_wconf 89' lang='lat' dir='ltr'><strong>sine</strong></span> <span class='ocrx_word' id='word_1_99' title='bbox 735 2223 809 2299; x_wconf 92' lang='lat' dir='ltr'><strong>ullo</strong></span> <span class='ocrx_word' id='word_1_100' title='bbox 831 2221 985 2318; x_wconf 87' lang='lat' dir='ltr'><strong>ordine,</strong></span> 
     </span>
     <span class='ocr_line' id='line_1_18' title="bbox 160 2337 712 2440; baseline 0.002 -27"><span class='ocrx_word' id='word_1_101' title='bbox 160 2355 224 2414; x_wconf 86' lang='lat' dir='ltr'><strong>aut</strong></span> <span class='ocrx_word' id='word_1_102' title='bbox 236 2339 350 2415; x_wconf 90' lang='lat' dir='ltr'><strong>modo</strong></span> <span class='ocrx_word' id='word_1_103' title='bbox 363 2339 488 2440; x_wconf 85' lang='lat' dir='ltr'><strong>proelia</strong></span> <span class='ocrx_word' id='word_1_104' title='bbox 499 2339 590 2416; x_wconf 86' lang='lat' dir='ltr'><strong>inire</strong></span> <span class='ocrx_word' id='word_1_105' title='bbox 606 2337 712 2416; x_wconf 89' lang='lat' dir='ltr'><strong>soliti.</strong></span> 
     </span>
    </p>
   </div>
   <div class='ocr_carea' id='block_1_3' title="bbox 304 2539 814 2623">
    <p class='ocr_par' dir='ltr' id='par_1_3' title="bbox 304 2539 814 2623">
     <span class='ocr_line' id='line_1_19' title="bbox 304 2539 814 2623; baseline 0 -17"><span class='ocrx_word' id='word_1_106' title='bbox 304 2541 552 2608; x_wconf 83' lang='lat' dir='ltr'><strong>&#39;CAPUT</strong></span> <span class='ocrx_word' id='word_1_107' title='bbox 588 2539 814 2623; x_wconf 74' lang='lat' dir='ltr'><strong>xxxvl.</strong></span> 
     </span>
    </p>
   </div>
   <div class='ocr_carea' id='block_1_4' title="bbox 160 2687 987 3503">
    <p class='ocr_par' dir='ltr' id='par_1_4' title="bbox 160 2687 987 3503">
     <span class='ocr_line' id='line_1_20' title="bbox 214 2687 986 2795; baseline 0.001 -30"><span class='ocrx_word' id='word_1_108' title='bbox 214 2695 350 2795; x_wconf 78' lang='lat' dir='ltr'><strong>Quot&gt;</strong></span> <span class='ocrx_word' id='word_1_109' title='bbox 380 2689 444 2763; x_wconf 92' lang='lat' dir='ltr'><strong>ubi</strong></span> <span class='ocrx_word' id='word_1_110' title='bbox 469 2689 585 2764; x_wconf 86' lang='lat' dir='ltr'><strong>nostri</strong></span> <span class='ocrx_word' id='word_1_111' title='bbox 608 2687 921 2786; x_wconf 66' lang='lat' dir='ltr'><strong>animadvertere,</strong></span> <span class='ocrx_word' id='word_1_112' title='bbox 947 2692 986 2767; x_wconf 90' lang='lat' dir='ltr'><strong>in</strong></span> 
     </span>
     <span class='ocr_line' id='line_1_21' title="bbox 161 2807 986 2910; baseline -0.005 -22"><span class='ocrx_word' id='word_1_113' title='bbox 161 2837 337 2909; x_wconf 91' lang='lat' dir='ltr'><strong>campum</strong></span> <span class='ocrx_word' id='word_1_114' title='bbox 363 2807 568 2910; x_wconf 87' lang='lat' dir='ltr'><strong>progressi,</strong></span> <span class='ocrx_word' id='word_1_115' title='bbox 585 2833 689 2883; x_wconf 91' lang='lat' dir='ltr'><strong>more</strong></span> <span class='ocrx_word' id='word_1_116' title='bbox 713 2809 849 2884; x_wconf 81' lang='lat' dir='ltr'><strong>militiae</strong></span> <span class='ocrx_word' id='word_1_117' title='bbox 870 2810 986 2885; x_wconf 85' lang='lat' dir='ltr'><strong>aciem</strong></span> 
     </span>
     <span class='ocr_line' id='line_1_22' title="bbox 162 2926 987 3028; baseline -0.002 -23"><span class='ocrx_word' id='word_1_118' title='bbox 162 2930 351 3020; x_wconf 80' lang='lat' dir='ltr'><strong>ordinant,</strong></span> <span class='ocrx_word' id='word_1_119' title='bbox 364 2926 539 3028; x_wconf 85' lang='lat' dir='ltr'><strong>magistro</strong></span> <span class='ocrx_word' id='word_1_120' title='bbox 548 2953 590 3001; x_wconf 86' lang='lat' dir='ltr'><strong>ac</strong></span> <span class='ocrx_word' id='word_1_121' title='bbox 603 2944 826 3026; x_wconf 83' lang='lat' dir='ltr'><strong>praeceptore</strong></span> <span class='ocrx_word' id='word_1_122' title='bbox 839 2954 987 3026; x_wconf 87' lang='lat' dir='ltr'><strong>compo-</strong></span> 
     </span>
     <span class='ocr_line' id='line_1_23' title="bbox 160 3043 985 3126; baseline -0.01 1"><span class='ocrx_word' id='word_1_123' title='bbox 160 3046 274 3126; x_wconf 79' lang='lat' dir='ltr'><strong>&#39;nendi</strong></span> <span class='ocrx_word' id='word_1_124' title='bbox 308 3044 499 3119; x_wconf 88' lang='lat' dir='ltr'><strong>Mnestheo</strong></span> <span class='ocrx_word' id='word_1_125' title='bbox 533 3043 748 3119; x_wconf 88' lang='lat' dir='ltr'><strong>Atheniensi</strong></span> <span class='ocrx_word' id='word_1_126' title='bbox 776 3075 784 3116; x_wconf 74' lang='grc' dir='ltr'><strong>ε</strong></span> <span class='ocrx_word' id='word_1_127' title='bbox 816 3045 985 3119; x_wconf 85' lang='lat' dir='ltr'><strong>ordinant</strong></span> 
     </span>
     <span class='ocr_line' id='line_1_24' title="bbox 162 3161 981 3266; baseline -0.009 -22"><span class='ocrx_word' id='word_1_128' title='bbox 162 3184 286 3244; x_wconf 87' lang='lat' dir='ltr'><strong>autem</strong></span> <span class='ocrx_word' id='word_1_129' title='bbox 295 3191 363 3264; x_wconf 88' lang='lat' dir='ltr'><strong>per</strong></span> <span class='ocrx_word' id='word_1_130' title='bbox 375 3177 499 3265; x_wconf 83' lang='lat' dir='ltr'><strong>gentes</strong></span> <span class='ocrx_word' id='word_1_131' title='bbox 508 3177 617 3265; x_wconf 87' lang='lat' dir='ltr'><strong>atque</strong></span> <span class='ocrx_word' id='word_1_132' title='bbox 629 3162 796 3264; x_wconf 81' lang='lat' dir='ltr'><strong>regiones</strong></span> <span class='ocrx_word' id='word_1_133' title='bbox 807 3161 961 3266; x_wconf 85' lang='lat' dir='ltr'><strong>singulas</strong></span> <span class='ocrx_word' id='word_1_134' title='bbox 968 3222 981 3261; x_wconf 90' lang='lat'><strong>,</strong></span> 
     </span>
     <span class='ocr_line' id='line_1_25' title="bbox 163 3279 985 3384; baseline -0.009 -21"><span class='ocrx_word' id='word_1_135' title='bbox 163 3309 328 3362; x_wconf 89' lang='lat' dir='ltr'><strong>seorsum</strong></span> <span class='ocrx_word' id='word_1_136' title='bbox 343 3295 514 3356; x_wconf 87' lang='lat' dir='ltr'><strong>manente</strong></span> <span class='ocrx_word' id='word_1_137' title='bbox 529 3279 668 3355; x_wconf 88' lang='lat' dir='ltr'><strong>Achille</strong></span> <span class='ocrx_word' id='word_1_138' title='bbox 685 3307 769 3356; x_wconf 89' lang='lat' dir='ltr'><strong>cum</strong></span> <span class='ocrx_word' id='word_1_139' title='bbox 782 3283 985 3384; x_wconf 88' lang='lat' dir='ltr'><strong>Myrmido-</strong></span> 
     </span>
     <span class='ocr_line' id='line_1_26' title="bbox 163 3398 985 3503; baseline -0.011 -22"><span class='ocrx_word' id='word_1_140' title='bbox 163 3431 255 3481; x_wconf 91' lang='lat' dir='ltr'><strong>num</strong></span> <span class='ocrx_word' id='word_1_141' title='bbox 273 3398 444 3480; x_wconf 86' lang='lat' dir='ltr'><strong>exercitu.</strong></span> <span class='ocrx_word' id='word_1_142' title='bbox 464 3400 498 3473; x_wconf 90' lang='lat' dir='ltr'><strong>ls</strong></span> <span class='ocrx_word' id='word_1_143' title='bbox 516 3425 674 3502; x_wconf 81' lang='lat' dir='ltr'><strong>nanrque</strong></span> <span class='ocrx_word' id='word_1_144' title='bbox 691 3425 917 3503; x_wconf 83' lang='lat' dir='ltr'><strong>quamquam</strong></span> <span class='ocrx_word' id='word_1_145' title='bbox 936 3399 985 3472; x_wconf 88' lang='lat' dir='ltr'><strong>oh</strong></span> 
     </span>
    </p>
   </div>
   <div class='ocr_carea' id='block_1_5' title="bbox 0 0 1166 4026">
    <p class='ocr_par' dir='ltr' id='par_1_5' title="bbox 0 0 1166 4026">
     <span class='ocr_line' id='line_1_27' title="bbox 0 0 1166 4026; baseline 0 0"><span class='ocrx_word' id='word_1_146' title='bbox 0 0 1166 4026; x_wconf 95' lang='lat' dir='ltr'><strong> </strong></span> 
     </span>
    </p>
   </div>
  </div>
 </body>
</html>
