2286 4024
239 315 406 366 rrvuu
445 292 772 372 rnorsrutuu.
838 293 910 370 235

99 450 188 528 quos
211 427 262 502 ob
286 427 458 504 virtutem
489 454 552 504 rex
576 454 699 504 secum
729 428 916 530 stipatores

41 549 47 559 '
100 540 292 638 habuerat,
311 544 544 646 conglobatos
557 544 652 652 inter
666 572 704 621 se
725 562 832 648 atque
852 577 917 622 eu-

100 685 155 734 sos
171 646 358 757 resistere,
377 662 510 761 partim
524 662 596 738 telo
616 663 758 768 eminus
771 666 916 768 fundit,

88 776 185 853 -alios
201 769 314 854 curru
329 805 397 878 per
407 779 547 854 medios
566 765 709 856 concito
728 782 831 856 humi
849 783 919 857 ob-

99 895 194 970 terit.
210 897 306 973 Dein
318 898 534 974 Idomeneus
550 898 711 973 adhibito
724 899 837 1034 equis
839 904 920 976 Me-

99 1011 201 1088 riorie
208 1071 221 1109 ,
235 1016 437 1090 Acamanta
449 1016 634 1091 Thracum
645 1040 771 1119 regem
758 1017 920 1118 dejicit,

99 1148 292 1232 ruentique
303 1131 373 1207 telo
382 1133 539 1208 occurrit
544 1132 918 1234 ,atqueitainten‘icit

97 1249 173 1324 Sed
184 1249 247 1322 ubi
262 1241 404 1324 Hector
414 1239 501 1324 situs
515 1240 554 1324 in
569 1267 669 1350 parte
681 1251 748 1324 alia
758 1308 772 1346 ‚
782 1252 923 1328 medios

100 1392 253 1441 suorum
252 1346 393 1442 fundi
383 1368 532 1466 accipit,
546 1369 723 1467 dispositis
735 1371 922 1446 satisstre-

9 1562 11 1590 ἱ
100 1483 181 1575 uuis
198 1483 264 1557 ubi
282 1485 488 1588 pugnabat,
509 1485 923 1561 accurritauxitiolabo-

99 1600 470 1695 rantibus,Glaucum
480 1617 517 1678 et
525 1601 759 1701 Deiphobum
770 1618 805 1677 et
814 1601 925 1703 Poly-

40 1741 44 1748 ’
100 1719 285 1798 domante
306 1745 428 1820 secum
459 1720 606 1796 hahens
643 1721 723 1796 Nec
750 1720 924 1815 dubium,

101 1837 191 1949 quin
221 1834 338 1912 delete
361 1863 381 1906 a
397 1835 585 1948 praedictis
609 1835 754 1944 regibus
779 1864 822 1911 ea
841 1861 925 1938 pars¹

103 1953 264 2027 hostium
284 1952 409 2068 foret,
440 1953 479 2026 ni
509 1951 690 2028 adventu
693 1979 758 2036 suo
784 1957 929 2030 Hector

103 2036 320 2173 nostrosque
334 2069 484 2144 ulterius
501 2072 691 2174 progredi,
708 2099 750 2148 ac
765 2099 848 2147 suos
863 2074 926 2147 fu-

104 2217 191 2294 gere
232 2187 460 2264 cohibuisset.
502 2191 556 2262 lta
597 2190 714 2266 Graeoi
752 2191 926 2291 prohibiti

105 2309 202 2384 caede
235 2305 483 2408 reliquorum,
517 2333 681 2406 represso
712 2309 829 2410 gradu
859 2309 926 2386 ad-

105 2423 256 2500 vorsurir
290 2445 378 2519 θος,
403 2423 466 2526 qui
489 2417 769 2522 supervenerant
792 2427 927 2502 consti*

108 2558 198 2618 tere.

383 2721 576 2790 CAPUT
606 2723 646 2792 V.

155 2895 214 2969 'Ac
241 2917 330 2967 mox
347 2894 493 2996 cognito
510 2920 577 2993 per
593 2893 801 2971 universum
819 2919 925 2970 exer-

110 3013 222 3090 citum
240 3010 395 3110 proelio,
415 3010 453 3085 in
477 3040 518 3087 ea
538 3029 640 3111 parte
664 3011 794 3112 reliqui
815 3013 924 3088 duces

97 3130 315 3224 ,confirmati
335 3129 398 3204 ubi
418 3130 570 3232 quisque
591 3145 831 3232 pugnaverat,
851 3159 924 3204 un-

110 3248 219 3354 dique
245 3275 289 3323 eo
321 3249 518 3324 confluunt.
544 3232 737 3333 Densatur
751 3248 922 3349 utrinque

110 3365 222 3464 acies,
240 3381 278 3442 et
299 3365 702 3468 proelium—renovatum
725 3381 789 3442 est.
808 3364 927 3471 Igitur
1020 3367 1024 3374 ’
