<?xml version="1.0" encoding="UTF-8"?>
<!DOCTYPE html PUBLIC "-//W3C//DTD XHTML 1.0 Transitional//EN"
    "http://www.w3.org/TR/xhtml1/DTD/xhtml1-transitional.dtd">
<html xmlns="http://www.w3.org/1999/xhtml" xml:lang="en" lang="en">
 <head>
  <title>
</title>
<meta http-equiv="Content-Type" content="text/html;charset=utf-8" />
  <meta name='ocr-system' content='tesseract 3.04.00' />
  <meta name='ocr-capabilities' content='ocr_page ocr_carea ocr_par ocr_line ocrx_word'/>
</head>
<body>
  <div class='ocr_page' id='page_1' title='image "./histoiredelague01cailgoog_0119.png"; bbox 0 0 2302 4026; ppageno 0'>
   <div class='ocr_carea' id='block_1_1' title="bbox 158 252 785 344">
    <p class='ocr_par' dir='ltr' id='par_1_1' title="bbox 158 252 785 344">
     <span class='ocr_line' id='line_1_1' title="bbox 158 252 785 344; baseline 0.01 -22"><span class='ocrx_word' id='word_1_1' title='bbox 158 252 207 324; x_wconf 87' lang='grc'><strong>88</strong></span> <span class='ocrx_word' id='word_1_2' title='bbox 324 280 517 330; x_wconf 72' lang='lat' dir='ltr'><strong>veunitae</strong></span> <span class='ocrx_word' id='word_1_3' title='bbox 545 281 599 329; x_wconf 79' lang='lat' dir='ltr'><strong>nn</strong></span> <span class='ocrx_word' id='word_1_4' title='bbox 627 278 785 344; x_wconf 78' lang='lat' dir='ltr'><strong>rnorn.</strong></span> 
     </span>
    </p>
   </div>
   <div class='ocr_carea' id='block_1_2' title="bbox 156 384 1020 1166">
    <p class='ocr_par' dir='ltr' id='par_1_2' title="bbox 156 384 1020 1166">
     <span class='ocr_line' id='line_1_2' title="bbox 158 384 969 492; baseline 0.011 -36"><span class='ocrx_word' id='word_1_5' title='bbox 158 384 220 458; x_wconf 84' lang='lat' dir='ltr'><strong>sed</strong></span> <span class='ocrx_word' id='word_1_6' title='bbox 244 399 280 461; x_wconf 88' lang='lat' dir='ltr'><strong>et</strong></span> <span class='ocrx_word' id='word_1_7' title='bbox 304 389 480 466; x_wconf 84' lang='lat' dir='ltr'><strong>vulnerati</strong></span> <span class='ocrx_word' id='word_1_8' title='bbox 505 419 588 490; x_wconf 85' lang='lat' dir='ltr'><strong>pars</strong></span> <span class='ocrx_word' id='word_1_9' title='bbox 613 393 798 487; x_wconf 84' lang='lat' dir='ltr'><strong>maxima,</strong></span> <span class='ocrx_word' id='word_1_10' title='bbox 821 415 969 492; x_wconf 67' lang='lat' dir='ltr'><strong>prorsus</strong></span> 
     </span>
     <span class='ocr_line' id='line_1_3' title="bbox 156 499 970 609; baseline 0.012 -38"><span class='ocrx_word' id='word_1_11' title='bbox 156 499 255 575; x_wconf 89' lang='lat' dir='ltr'><strong>nullo</strong></span> <span class='ocrx_word' id='word_1_12' title='bbox 268 521 330 578; x_wconf 85' lang='lat' dir='ltr'><strong>aut</strong></span> <span class='ocrx_word' id='word_1_13' title='bbox 340 508 527 609; x_wconf 78' lang='lat' dir='ltr'>perpaucis</span> <span class='ocrx_word' id='word_1_14' title='bbox 545 510 643 584; x_wconf 86' lang='lat' dir='ltr'><strong>clade</strong></span> <span class='ocrx_word' id='word_1_15' title='bbox 656 508 739 584; x_wconf 92' lang='lat' dir='ltr'><strong>belli</strong></span> <span class='ocrx_word' id='word_1_16' title='bbox 756 509 832 609; x_wconf 91' lang='lat' dir='ltr'><strong>ejus</strong></span> <span class='ocrx_word' id='word_1_17' title='bbox 846 527 970 606; x_wconf 58' lang='lat' dir='ltr'><strong>experss</strong></span> 
     </span>
     <span class='ocr_line' id='line_1_4' title="bbox 158 611 1008 728; baseline 0.013 -38"><span class='ocrx_word' id='word_1_18' title='bbox 158 611 265 694; x_wconf 75' lang='lat' dir='ltr'><strong>tibus</strong></span> <span class='ocrx_word' id='word_1_19' title='bbox 280 624 374 698; x_wconf 86' lang='lat' dir='ltr'><strong>Dein</strong></span> <span class='ocrx_word' id='word_1_20' title='bbox 390 641 510 700; x_wconf 83' lang='lat' dir='ltr'><strong>secuta</strong></span> <span class='ocrx_word' id='word_1_21' title='bbox 528 626 609 720; x_wconf 90' lang='lat' dir='ltr'><strong>die,</strong></span> <span class='ocrx_word' id='word_1_22' title='bbox 626 626 735 728; x_wconf 75' lang='lat' dir='ltr'><strong>legati</strong></span> <span class='ocrx_word' id='word_1_23' title='bbox 751 625 905 702; x_wconf 88' lang='lat' dir='ltr'><strong>invicem</strong></span> <span class='ocrx_word' id='word_1_24' title='bbox 922 627 968 700; x_wconf 91' lang='lat' dir='ltr'><strong>de</strong></span> <span class='ocrx_word' id='word_1_25' title='bbox 1002 628 1008 639; x_wconf 79' lang='grc'><strong>’</strong></span> 
     </span>
     <span class='ocr_line' id='line_1_5' title="bbox 157 738 1020 848; baseline 0.008 -38"><span class='ocrx_word' id='word_1_26' title='bbox 157 738 389 836; x_wconf 83' lang='lat' dir='ltr'><strong>sepeliendis,</strong></span> <span class='ocrx_word' id='word_1_27' title='bbox 403 743 517 843; x_wconf 86' lang='lat' dir='ltr'><strong>quiin</strong></span> <span class='ocrx_word' id='word_1_28' title='bbox 531 743 625 818; x_wconf 90' lang='lat' dir='ltr'><strong>bello</strong></span> <span class='ocrx_word' id='word_1_29' title='bbox 643 743 868 837; x_wconf 84' lang='lat' dir='ltr'><strong>ceciderant,</strong></span> <span class='ocrx_word' id='word_1_30' title='bbox 888 743 970 848; x_wconf 75' lang='lat' dir='ltr'><strong>mit7</strong></span> <span class='ocrx_word' id='word_1_31' title='bbox 1019 803 1020 808; x_wconf 18' lang='grc' dir='ltr'>η</span> 
     </span>
     <span class='ocr_line' id='line_1_6' title="bbox 157 861 968 966; baseline 0.011 -40"><span class='ocrx_word' id='word_1_32' title='bbox 157 870 283 938; x_wconf 86' lang='lat' dir='ltr'><strong>tuntur</strong></span> <span class='ocrx_word' id='word_1_33' title='bbox 309 890 317 931; x_wconf 76' lang='grc' dir='ltr'><strong><em>ε</em></strong></span> <span class='ocrx_word' id='word_1_34' title='bbox 342 876 450 961; x_wconf 86' lang='lat' dir='ltr'><strong>atque</strong></span> <span class='ocrx_word' id='word_1_35' title='bbox 473 861 542 955; x_wconf 87' lang='lat' dir='ltr'><strong>ita,</strong></span> <span class='ocrx_word' id='word_1_36' title='bbox 562 861 713 936; x_wconf 88' lang='lat' dir='ltr'><strong>induciis</strong></span> <span class='ocrx_word' id='word_1_37' title='bbox 729 861 968 966; x_wconf 45' lang='lat' dir='ltr'><strong>interpositis?</strong></span> 
     </span>
     <span class='ocr_line' id='line_1_7' title="bbox 159 973 971 1083; baseline 0.01 -39"><span class='ocrx_word' id='word_1_38' title='bbox 159 973 306 1071; x_wconf 79' lang='lat' dir='ltr'><strong>collecta</strong></span> <span class='ocrx_word' id='word_1_39' title='bbox 318 989 470 1078; x_wconf 79' lang='lat' dir='ltr'><strong>corpora</strong></span> <span class='ocrx_word' id='word_1_40' title='bbox 483 993 590 1081; x_wconf 89' lang='lat' dir='ltr'><strong>atque</strong></span> <span class='ocrx_word' id='word_1_41' title='bbox 607 979 683 1083; x_wconf 83' lang='lat' dir='ltr'>igni</span> <span class='ocrx_word' id='word_1_42' title='bbox 694 973 851 1082; x_wconf 86' lang='lat' dir='ltr'><strong>cremata</strong></span> <span class='ocrx_word' id='word_1_43' title='bbox 864 1005 971 1078; x_wconf 86' lang='lat' dir='ltr'><strong>sepe-</strong></span> 
     </span>
     <span class='ocr_line' id='line_1_8' title="bbox 157 1087 331 1166; baseline -0.017 0"><span class='ocrx_word' id='word_1_44' title='bbox 157 1087 259 1166; x_wconf 86' lang='lat' dir='ltr'><strong>liunt.</strong></span> <span class='ocrx_word' id='word_1_45' title='bbox 329 1138 331 1144; x_wconf 85' lang='lat'><em>.</em></span> 
     </span>
    </p>
   </div>
   <div class='ocr_carea' id='block_1_3' title="bbox 423 1422 700 1498">
    <p class='ocr_par' dir='ltr' id='par_1_3' title="bbox 423 1422 700 1498">
     <span class='ocr_line' id='line_1_9' title="bbox 423 1422 700 1498; baseline -0.004 -2"><span class='ocrx_word' id='word_1_46' title='bbox 423 1422 625 1496; x_wconf 86' lang='lat' dir='ltr'>CAPUT</span> <span class='ocrx_word' id='word_1_47' title='bbox 661 1425 700 1498; x_wconf 87' lang='lat' dir='ltr'><strong>V.</strong></span> 
     </span>
    </p>
   </div>
   <div class='ocr_carea' id='block_1_4' title="bbox 66 1560 1064 3440">
    <p class='ocr_par' dir='ltr' id='par_1_4' title="bbox 157 1560 1024 1909">
     <span class='ocr_line' id='line_1_10' title="bbox 205 1560 972 1674; baseline 0.001 -26"><span class='ocrx_word' id='word_1_48' title='bbox 205 1571 630 1674; x_wconf 78' lang='lat' dir='ltr'><strong>Inrnanlepolemus,</strong></span> <span class='ocrx_word' id='word_1_49' title='bbox 639 1593 676 1652; x_wconf 87' lang='lat' dir='ltr'><strong>et</strong></span> <span class='ocrx_word' id='word_1_50' title='bbox 687 1560 771 1650; x_wconf 89' lang='lat' dir='ltr'><strong>cum</strong></span> <span class='ocrx_word' id='word_1_51' title='bbox 779 1575 889 1650; x_wconf 88' lang='lat' dir='ltr'><strong>fratre</strong></span> <span class='ocrx_word' id='word_1_52' title='bbox 897 1577 972 1649; x_wconf 79' lang='lat' dir='ltr'><strong>An-</strong></span> 
     </span>
     <span class='ocr_line' id='line_1_11' title="bbox 158 1677 968 1796; baseline 0.004 -34"><span class='ocrx_word' id='word_1_53' title='bbox 158 1689 266 1788; x_wconf 88' lang='lat' dir='ltr'><strong>tipho</strong></span> <span class='ocrx_word' id='word_1_54' title='bbox 275 1691 472 1792; x_wconf 91' lang='lat' dir='ltr'><strong>Phidippus</strong></span> <span class='ocrx_word' id='word_1_55' title='bbox 481 1751 493 1786; x_wconf 88' lang='lat'>‚</span> <span class='ocrx_word' id='word_1_56' title='bbox 510 1721 601 1794; x_wconf 91' lang='lat' dir='ltr'><strong>quos</strong></span> <span class='ocrx_word' id='word_1_57' title='bbox 618 1677 790 1768; x_wconf 85' lang='lat' dir='ltr'><strong>Thessalo</strong></span> <span class='ocrx_word' id='word_1_58' title='bbox 808 1691 968 1796; x_wconf 85' lang='lat' dir='ltr'><strong>genitos,</strong></span> 
     </span>
     <span class='ocr_line' id='line_1_12' title="bbox 157 1811 1024 1909; baseline 0.007 -29"><span class='ocrx_word' id='word_1_59' title='bbox 157 1825 306 1906; x_wconf 85' lang='lat' dir='ltr'>nepotes</span> <span class='ocrx_word' id='word_1_60' title='bbox 334 1811 501 1886; x_wconf 87' lang='lat' dir='ltr'><strong>Herculis</strong></span> <span class='ocrx_word' id='word_1_61' title='bbox 525 1837 633 1909; x_wconf 89' lang='lat' dir='ltr'><strong>supra</strong></span> <span class='ocrx_word' id='word_1_62' title='bbox 660 1811 969 1902; x_wconf 79' lang='lat' dir='ltr'><strong>memoravimus,</strong></span> <span class='ocrx_word' id='word_1_63' title='bbox 1020 1879 1024 1886; x_wconf 80' lang='lat'><em>.</em></span> 
     </span>
    </p>

    <p class='ocr_par' dir='ltr' id='par_1_5' title="bbox 112 1923 967 2028">
     <span class='ocr_line' id='line_1_13' title="bbox 112 1923 967 2028; baseline 0.004 -29"><span class='ocrx_word' id='word_1_64' title='bbox 112 1923 116 1928; x_wconf 69' lang='grc'><strong>’</strong></span> <span class='ocrx_word' id='word_1_65' title='bbox 158 1926 303 2028; x_wconf 86' lang='lat' dir='ltr'><strong>cognito</strong></span> <span class='ocrx_word' id='word_1_66' title='bbox 317 1927 521 2025; x_wconf 87' lang='lat' dir='ltr'><strong>Telephum</strong></span> <span class='ocrx_word' id='word_1_67' title='bbox 533 1927 622 2002; x_wconf 90' lang='lat' dir='ltr'><strong>iniis</strong></span> <span class='ocrx_word' id='word_1_68' title='bbox 635 1929 721 2004; x_wconf 88' lang='lat' dir='ltr'><strong>locis</strong></span> <span class='ocrx_word' id='word_1_69' title='bbox 737 1925 967 2026; x_wconf 87' lang='lat' dir='ltr'><strong>imperitare,</strong></span> 
     </span>
    </p>

    <p class='ocr_par' dir='ltr' id='par_1_6' title="bbox 66 2041 1064 3440">
     <span class='ocr_line' id='line_1_14' title="bbox 82 2041 994 2153; baseline -0.011 -31"><span class='ocrx_word' id='word_1_70' title='bbox 82 2103 84 2108; x_wconf 87' lang='grc'><strong>-</strong></span> <span class='ocrx_word' id='word_1_71' title='bbox 158 2041 288 2122; x_wconf 80' lang='lat' dir='ltr'><strong>fiducia</strong></span> <span class='ocrx_word' id='word_1_72' title='bbox 299 2044 578 2145; x_wconf 78' lang='lat' dir='ltr'><strong>cognationis‘ad</strong></span> <span class='ocrx_word' id='word_1_73' title='bbox 591 2073 676 2120; x_wconf 90' lang='lat' dir='ltr'><strong>eum</strong></span> <span class='ocrx_word' id='word_1_74' title='bbox 689 2045 837 2120; x_wconf 84' lang='lat' dir='ltr'><strong>veniunt</strong></span> <span class='ocrx_word' id='word_1_75' title='bbox 843 2043 994 2153; x_wconf 62' lang='lat' dir='ltr'><strong>,eique</strong></span> 
     </span>
     <span class='ocr_line' id='line_1_15' title="bbox 157 2159 1064 2264; baseline -0.001 -32"><span class='ocrx_word' id='word_1_76' title='bbox 157 2159 306 2260; x_wconf 87' lang='lat' dir='ltr'><strong>quinam</strong></span> <span class='ocrx_word' id='word_1_77' title='bbox 334 2179 476 2258; x_wconf 86' lang='lat' dir='ltr'><strong>essent,</strong></span> <span class='ocrx_word' id='word_1_78' title='bbox 506 2179 543 2236; x_wconf 89' lang='lat' dir='ltr'><strong>et</strong></span> <span class='ocrx_word' id='word_1_79' title='bbox 566 2163 782 2264; x_wconf 86' lang='lat' dir='ltr'><strong>quibuscum</strong></span> <span class='ocrx_word' id='word_1_80' title='bbox 798 2160 972 2261; x_wconf 51' lang='lat' dir='ltr'><strong>navigasf</strong></span> <span class='ocrx_word' id='word_1_81' title='bbox 1059 2222 1064 2231; x_wconf 95' lang='lat'>.</span> 
     </span>
     <span class='ocr_line' id='line_1_16' title="bbox 157 2278 971 2377; baseline 0 -27"><span class='ocrx_word' id='word_1_82' title='bbox 157 2295 235 2358; x_wconf 88' lang='lat' dir='ltr'><strong>sent</strong></span> <span class='ocrx_word' id='word_1_83' title='bbox 253 2307 437 2377; x_wconf 86' lang='lat' dir='ltr'><strong>aperuere.</strong></span> <span class='ocrx_word' id='word_1_84' title='bbox 456 2281 550 2355; x_wconf 90' lang='lat' dir='ltr'><strong>Dein</strong></span> <span class='ocrx_word' id='word_1_85' title='bbox 574 2279 688 2352; x_wconf 90' lang='lat' dir='ltr'><strong>multa</strong></span> <span class='ocrx_word' id='word_1_86' title='bbox 708 2278 862 2354; x_wconf 87' lang='lat' dir='ltr'><strong>invicem</strong></span> <span class='ocrx_word' id='word_1_87' title='bbox 878 2303 971 2351; x_wconf 86' lang='lat' dir='ltr'><strong>con-</strong></span> 
     </span>
     <span class='ocr_line' id='line_1_17' title="bbox 156 2381 970 2494; baseline 0 -28"><span class='ocrx_word' id='word_1_88' title='bbox 156 2410 300 2492; x_wconf 80' lang='lat' dir='ltr'><strong>sumpta</strong></span> <span class='ocrx_word' id='word_1_89' title='bbox 317 2397 479 2490; x_wconf 85' lang='lat' dir='ltr'><strong>oratione</strong></span> <span class='ocrx_word' id='word_1_90' title='bbox 491 2453 503 2490; x_wconf 92' lang='lat'>‚</span> <span class='ocrx_word' id='word_1_91' title='bbox 534 2396 580 2469; x_wconf 85' lang='lat' dir='ltr'><strong>ad</strong></span> <span class='ocrx_word' id='word_1_92' title='bbox 609 2381 836 2494; x_wconf 87' lang='lat' dir='ltr'><strong>postremum</strong></span> <span class='ocrx_word' id='word_1_93' title='bbox 856 2393 970 2467; x_wconf 85' lang='lat' dir='ltr'><strong>nostri</strong></span> 
     </span>
     <span class='ocr_line' id='line_1_18' title="bbox 157 2511 973 2615; baseline -0.001 -30"><span class='ocrx_word' id='word_1_94' title='bbox 157 2511 272 2613; x_wconf 77' lang='lat' dir='ltr'><strong>acrius</strong></span> <span class='ocrx_word' id='word_1_95' title='bbox 291 2513 476 2607; x_wconf 86' lang='lat' dir='ltr'><strong>incusare,</strong></span> <span class='ocrx_word' id='word_1_96' title='bbox 500 2513 599 2614; x_wconf 91' lang='lat' dir='ltr'><strong>quod</strong></span> <span class='ocrx_word' id='word_1_97' title='bbox 616 2529 690 2615; x_wconf 84' lang='lat' dir='ltr'><strong>tam</strong></span> <span class='ocrx_word' id='word_1_98' title='bbox 711 2512 885 2586; x_wconf 83' lang='lat' dir='ltr'><strong>hostiliter</strong></span> <span class='ocrx_word' id='word_1_99' title='bbox 907 2511 973 2600; x_wconf 68' lang='lat' dir='ltr'><strong>ad7</strong></span> 
     </span>
     <span class='ocr_line' id='line_1_19' title="bbox 156 2632 970 2732; baseline -0.002 -28"><span class='ocrx_word' id='word_1_100' title='bbox 156 2655 301 2710; x_wconf 76' lang='lat' dir='ltr'><strong>versum</strong></span> <span class='ocrx_word' id='word_1_101' title='bbox 319 2657 402 2704; x_wconf 92' lang='lat' dir='ltr'><strong>suos</strong></span> <span class='ocrx_word' id='word_1_102' title='bbox 417 2647 631 2732; x_wconf 78' lang='lat' dir='ltr'><strong>versaretur.</strong></span> <span class='ocrx_word' id='word_1_103' title='bbox 651 2632 970 2732; x_wconf 85' lang='lat' dir='ltr'><strong>Agamemnonem</strong></span> 
     </span>
     <span class='ocr_line' id='line_1_20' title="bbox 156 2745 972 2845; baseline 0.002 -27"><span class='ocrx_word' id='word_1_104' title='bbox 156 2773 315 2845; x_wconf 85' lang='lat' dir='ltr'><strong>namque</strong></span> <span class='ocrx_word' id='word_1_105' title='bbox 327 2762 362 2820; x_wconf 92' lang='lat' dir='ltr'><strong>et</strong></span> <span class='ocrx_word' id='word_1_106' title='bbox 374 2747 581 2820; x_wconf 87' lang='lat' dir='ltr'><strong>Menelaum</strong></span> <span class='ocrx_word' id='word_1_107' title='bbox 590 2745 797 2844; x_wconf 81' lang='lat' dir='ltr'><strong>Pelopidas,</strong></span> <span class='ocrx_word' id='word_1_108' title='bbox 805 2773 878 2820; x_wconf 90' lang='lat' dir='ltr'><strong>non</strong></span> <span class='ocrx_word' id='word_1_109' title='bbox 891 2745 972 2845; x_wconf 61' lang='lat' dir='ltr'><strong>alie5</strong></span> 
     </span>
     <span class='ocr_line' id='line_1_21' title="bbox 66 2863 970 2966; baseline -0.002 -29"><span class='ocrx_word' id='word_1_110' title='bbox 66 2913 72 2922; x_wconf 79' lang='lat'><em>-</em></span> <span class='ocrx_word' id='word_1_111' title='bbox 157 2890 223 2937; x_wconf 92' lang='lat' dir='ltr'><strong>nos</strong></span> <span class='ocrx_word' id='word_1_112' title='bbox 245 2863 385 2966; x_wconf 81' lang='lat' dir='ltr'><strong>generis</strong></span> <span class='ocrx_word' id='word_1_113' title='bbox 407 2866 483 2958; x_wconf 87' lang='lat' dir='ltr'><strong>sui,</strong></span> <span class='ocrx_word' id='word_1_114' title='bbox 501 2892 585 2940; x_wconf 92' lang='lat' dir='ltr'><strong>eum</strong></span> <span class='ocrx_word' id='word_1_115' title='bbox 606 2863 803 2944; x_wconf 87' lang='lat' dir='ltr'><strong>exercitum</strong></span> <span class='ocrx_word' id='word_1_116' title='bbox 827 2878 970 2938; x_wconf 79' lang='lat' dir='ltr'><strong>contra‘-</strong></span> 
     </span>
     <span class='ocr_line' id='line_1_22' title="bbox 155 2978 971 3084; baseline -0.001 -31"><span class='ocrx_word' id='word_1_117' title='bbox 155 2981 264 3082; x_wconf 52' lang='lat' dir='ltr'><strong>uisse..</strong></span> <span class='ocrx_word' id='word_1_118' title='bbox 277 2981 370 3056; x_wconf 89' lang='lat' dir='ltr'><strong>Dein</strong></span> <span class='ocrx_word' id='word_1_119' title='bbox 385 3011 463 3084; x_wconf 85' lang='lat' dir='ltr'><strong>quae</strong></span> <span class='ocrx_word' id='word_1_120' title='bbox 479 2981 572 3056; x_wconf 88' lang='lat' dir='ltr'><strong>circa</strong></span> <span class='ocrx_word' id='word_1_121' title='bbox 585 2983 738 3056; x_wconf 92' lang='lat' dir='ltr'><strong>domum</strong></span> <span class='ocrx_word' id='word_1_122' title='bbox 755 2978 910 3054; x_wconf 88' lang='lat' dir='ltr'><strong>Menelai</strong></span> <span class='ocrx_word' id='word_1_123' title='bbox 926 2981 971 3082; x_wconf 77' lang='lat' dir='ltr'><strong>ab</strong></span> 
     </span>
     <span class='ocr_line' id='line_1_23' title="bbox 142 3098 971 3201; baseline -0.001 -32"><span class='ocrx_word' id='word_1_124' title='bbox 142 3098 363 3194; x_wconf 59' lang='lat' dir='ltr'><strong>Alexandro</strong></span> <span class='ocrx_word' id='word_1_125' title='bbox 382 3099 574 3174; x_wconf 88' lang='lat' dir='ltr'><strong>commissa</strong></span> <span class='ocrx_word' id='word_1_126' title='bbox 592 3113 733 3190; x_wconf 90' lang='lat' dir='ltr'><strong>essent,</strong></span> <span class='ocrx_word' id='word_1_127' title='bbox 753 3112 971 3201; x_wconf 82' lang='lat' dir='ltr'><strong>raptumque</strong></span> 
     </span>
     <span class='ocr_line' id='line_1_24' title="bbox 157 3215 982 3318; baseline -0.002 -30"><span class='ocrx_word' id='word_1_128' title='bbox 157 3215 307 3288; x_wconf 80' lang='lat' dir='ltr'><strong>Helenae</strong></span> <span class='ocrx_word' id='word_1_129' title='bbox 318 3217 448 3312; x_wconf 82' lang='lat' dir='ltr'><strong>docent</strong></span> <span class='ocrx_word' id='word_1_130' title='bbox 459 3249 466 3289; x_wconf 76' lang='grc' dir='ltr'><strong>ε</strong></span> <span class='ocrx_word' id='word_1_131' title='bbox 479 3219 527 3291; x_wconf 88' lang='lat' dir='ltr'><strong>oh</strong></span> <span class='ocrx_word' id='word_1_132' title='bbox 542 3246 620 3318; x_wconf 86' lang='lat' dir='ltr'><strong>quae</strong></span> <span class='ocrx_word' id='word_1_133' title='bbox 631 3217 872 3308; x_wconf 84' lang='lat' dir='ltr'><strong>decereeum,</strong></span> <span class='ocrx_word' id='word_1_134' title='bbox 887 3215 982 3290; x_wconf 73' lang='lat' dir='ltr'><strong>cum&#39;·</strong></span> 
     </span>
     <span class='ocr_line' id='line_1_25' title="bbox 156 3319 1063 3440; baseline -0.001 -37"><span class='ocrx_word' id='word_1_135' title='bbox 156 3347 307 3431; x_wconf 88' lang='lat' dir='ltr'><strong>propter</strong></span> <span class='ocrx_word' id='word_1_136' title='bbox 315 3334 664 3437; x_wconf 76' lang='lat' dir='ltr'><strong>¹consanguinitatem</strong></span> <span class='ocrx_word' id='word_1_137' title='bbox 673 3389 686 3428; x_wconf 88' lang='lat'>‚</span> <span class='ocrx_word' id='word_1_138' title='bbox 700 3349 778 3406; x_wconf 91' lang='lat' dir='ltr'><strong>tum</strong></span> <span class='ocrx_word' id='word_1_139' title='bbox 793 3319 972 3437; x_wconf 86' lang='lat' dir='ltr'><strong>praecipue</strong></span> <span class='ocrx_word' id='word_1_140' title='bbox 1061 3435 1063 3440; x_wconf 23' lang='grc' dir='ltr'>Ι</span> 
     </span>
    </p>
   </div>
   <div class='ocr_carea' id='block_1_5' title="bbox 0 0 1156 4020">
    <p class='ocr_par' dir='ltr' id='par_1_7' title="bbox 0 0 1156 4020">
     <span class='ocr_line' id='line_1_26' title="bbox 0 0 1156 4020; baseline 0 0"><span class='ocrx_word' id='word_1_141' title='bbox 0 0 1156 4020; x_wconf 95' lang='lat' dir='ltr'><strong> </strong></span> 
     </span>
    </p>
   </div>
  </div>
 </body>
</html>
