2246 4016
281 293 454 352 nrvnn
493 299 742 351 rnnnrnn.
874 269 921 344 63

309 547 513 620 CAPUT
545 548 728 618 XXIII.

156 750 222 826 ΑΨ
230 751 299 828 ubi
311 754 420 830 duces
429 757 587 831 sedatam
594 757 669 835 rim
679 755 766 830 mali
773 753 932 829 animad-

112 885 286 965 vertunt,
314 889 580 976 ventorumque
606 877 710 950 flatus
741 870 933 974 navigandi

113 1011 333 1088 prosperos,
353 1007 462 1094 atque
482 994 639 1070 aestivam
656 993 766 1068 maris
779 991 934 1084 faciem,

113 1129 246 1179 omnes
258 1107 330 1180 laeti
342 1110 660 1210 Agamemnonem
668 1111 822 1202 adeunt,
836 1133 936 1182 eum·

114 1249 184 1322 qne
209 1222 362 1298 interitu
386 1224 465 1300 filiae
486 1243 721 1325 permoestum
736 1223 936 1318 consolati,

117 1340 260 1416 honore
285 1341 534 1446 regnirursus
556 1345 817 1420 concelebrant.
848 1345 940 1443 Quae
1010 1417 1013 1422 ,

115 1487 173 1534 res
189 1477 363 1562 pergrata
376 1479 483 1563 atque
506 1479 652 1561 accepta
663 1489 730 1562 per
742 1460 940 1536 exercitum

119 1576 200 1652 fuit.
224 1582 321 1653 Eum
339 1580 475 1682 quippe
494 1580 677 1679 optimum
697 1579 942 1654 consultorem

5 1765 13 1772 .
121 1695 198 1792 sui,
213 1726 290 1772 non
302 1723 404 1772 secus
416 1725 527 1800 quam
541 1713 731 1796 parentem
745 1696 849 1771 miles
861 1722 944 1769 om·

120 1815 177 1889 nis
198 1816 421 1916 percolebat.
438 1817 509 1892 Sed
521 1819 779 1918 Agamemnon
791 1815 864 1895 sive
878 1838 944 1888 eo-

123 1959 230 2029 rum,
243 1961 326 2034 quae
338 1950 588 2034 praecesserant
596 1934 679 2008 satis
691 1934 868 2034 prudens,
881 1958 945 2006 seu

124 2052 371 2125 humanarum
398 2080 522 2126 rerum
547 2051 795 2128 necessitatem
820 2050 945 2124 animo

121 2143 318 2268 ieputans,
332 2187 369 2246 et
384 2172 433 2246 ob
445 2171 484 2245 id
497 2172 665 2248 adversus
675 2169 873 2246 infortunia
882 2168 949 2241 fir·
965 2262 971 2272 K

128 2286 334 2382 missimus,
348 2287 569 2363 dissimulato
582 2288 682 2389 quod
699 2287 732 2360 ei
744 2286 949 2382 accederat,

131 2405 311 2481 honorem
324 2406 487 2505 suscipit,
497 2422 605 2507 atque
619 2432 662 2480 eo
677 2406 734 2479 die
749 2405 857 2480 duces
868 2432 951 2479 orn-

133 2551 195 2599 nes
207 2525 253 2599 ad
266 2552 304 2599 se
317 2525 355 2598 in
365 2523 570 2600 convivium
583 2511 739 2597 deducit.
750 2522 842 2597 Dein
855 2522 951 2596 haud

136 2641 258 2715 multis
283 2658 367 2740 post
388 2642 536 2736 diebus,
565 2639 740 2715 exercitus
762 2625 952 2714 'ordinatus

138 2785 203 2858 per
222 2761 352 2857 duces,
374 2788 490 2862 quum
504 2775 754 2860 opportunum
768 2760 843 2860 jam
860 2774 954 2864 tem-

138 2903 205 2976 pus
231 2879 422 2982 navigandi
440 2880 645 2982 ingrueret,
666 2876 825 2952 ascendit
846 2902 955 2982 naves

141 2994 955 3095 repletasmultisrebuspretiosissimis,quaeab

142 3113 960 3216 incolisregionisejusofferebantur.Caeterum

142 3230 352 3325 frumenta,
366 3230 515 3336 vinum,
528 3231 666 3333 aliaque
680 3229 750 3306 cibi
762 3229 959 3306 necessaria

145 3348 259 3426 Anius
273 3365 310 3426 et
329 3349 406 3452 ejus
420 3349 498 3428 filiae
511 3349 720 3454 prebuere,
742 3376 821 3455 quae
833 3349 961 3434 Otnu.
1055 3409 1060 3432 t
