2314 4024
205 319 279 394 sos
388 341 651 400 everrere
678 338 830 394 ruore.-

205 455 289 550 des,
306 444 586 558 Agameiuuon,
604 451 862 557 Tlepolemus,
881 471 1019 534 etcum

204 570 374 679 Ja'lmeno
399 574 620 676 Ascalaphus
649 591 948 677 opponerentur'3
982 577 1021 651 in
1056 627 1061 638 a

204 693 342 794 equites
354 696 399 770 ab
412 695 551 772 Achille
565 711 602 770 et
613 695 761 796 reliquis
768 695 919 770 ducibus
928 723 1021 798 ρης*

202 816 367 886 nu'retur.=
388 815 475 889 Huc
504 814 617 888 inodo
646 814 821 889 instructu
836 815 1021 918 utrimque·

204 931 389 1027 exercitu,
406 932 599 1008 conflixere
616 931 732 1008 acies:
750 933 955 1035 caduntque
967 960 1022 1006 su·
1078 943 1083 954 '

203 1043 302 1152 gittis
315 1047 446 1154 reginae
470 1040 640 1149 plurimi,
667 1077 784 1154 neque
803 1054 848 1126 ab
870 1051 1021 1128 Teucris

205 1193 306 1242 secus
330 1169 516 1244 bellatum.
541 1170 693 1242 Interim
724 1171 854 1270 Ajaces
882 1185 976 1270 etqu
1007 1170 1023 1246 i

204 1311 290 1380 eum
312 1286 365 1360 his
390 1301 492 1376 erant
508 1285 649 1386 pedites
663 1303 788 1374 eontra
802 1313 893 1390 quus
911 1303 1023 1364 stete·

205 1418 286 1479 rant
301 1405 436 1481 caedere
445 1419 467 1500 ,¹
483 1431 525 1480 ac
541 1411 713 1481 restantes
727 1403 919 1482 detrudere
937 1399 1024 1482 um-

205 1523 364 1603 boribus
379 1547 581 1627 ‚moxque
605 1524 768 1626 repulsos
795 1527 1023 1603 obtruncare.

205 1643 339 1744 Neque
364 1645 485 1748 quoad
502 1644 626 1723 deletae
645 1646 811 1758 peditum
828 1645 959 1750 copie,
976 1645 1024 1722 fi«

206 1745 333 1839 nisfit
559 1809 561 1816 ·

206 1967 216 1974 “
340 1977 341 1982 ¹
358 1941 653 2018 »crrur
689 1943 780 2044 ιη

257 2122 308 2196 At
326 2113 481 2196 Achilles
493 2121 588 2198 inter
601 2120 766 2222 equitum
779 2135 918 2192 turmas
929 2117 1028 2192 Pen-

211 2236 393 2315 thes1leam
407 2255 551 2334 nactus
568 2241 667 2313 hasta
686 2237 803 2338 petit.
822 2265 940 2338 neque
953 2234 1027 2310 drf
1047 2221 1059 2236 ‘

210 2358 336 2433 fieilius
361 2386 472 2459 quam
500 2357 688 2433 foeminum
715 2383 810 2458 equo
836 2357 1026 2448 deturbat9

208 2501 321 2552 manu
336 2449 649 2576 conrpreheridens
661 2499 807 2548 comam
817 2488 961 2574 ,atque
976 2471 1027 2546 itu

185 2673 188 2680 ,
208 2583 603 2699 gravitervulneratam
618 2593 820 2663 detrahens
840 2591 951 2689 Quod
964 2590 1029 2663 ubi

206 2713 326 2790 uisum
347 2727 423 2804 est,
447 2724 527 2783 tum
541 2735 628 2784 vero
643 2706 780 2781 nullam
792 2732 894 2806 spem
913 2706 951 2782 in
966 2721 1030 2782 ar-'

207 2831 280 2906 mis
296 2828 386 2922 reti,
404 2827 530 2928 fugam
547 2825 694 2901 faciunt.
715 2809 925 2928 Clausisque
939 2825 1030 2902 civi·-

209 2938 292 3025 tatis
308 2944 444 3047 portis,
457 2945 571 3020 nostri
583 2943 740 3048 reliquos
753 2963 844 3048 quos
856 2927 1031 3048 fugabei-
1048 3015 1051 3020 ,
1081 2985 1085 2992 -

210 3069 249 3144 lo
262 3079 464 3158 exemerat,
479 3063 634 3140 insecuti
649 3066 889 3142 obtruncant:
905 3065 1029 3140 foemi:

27 3267 31 3272 ,
147 3179 164 3208 ¹
209 3185 265 3260 nis
288 3183 645 3278 tamenlabstineutes
668 3210 803 3258 manus·
818 3194 1029 3282 parcentes-

210 3328 282 3400 que
301 3301 411 3383 sexui.
435 3301 530 3375 Dein
546 3302 600 3374 uti
616 3302 769 3404 quisque
792 3303 1031 3378 victorinter-
1142 3361 1143 3368 κ

208 3415 312 3490 fectis
322 3441 414 3514 quos
422 3418 612 3514 adversum
626 3419 734 3516 ierat,
744 3420 1031 3523 regrediebatur,
