2302 4026
196 375 201 384 ,
237 323 304 372 120
415 319 595 377 currus
622 324 678 373 nu
704 313 861 378 raom:
886 351 889 362 ·

230 435 1044 540 atqueincensacivitate,magnamvimpraedae

202 609 208 616 .
227 553 361 648 trahit,
387 554 566 630 abducens
589 557 821 630 Tecmessam
843 557 955 634 filiam
979 587 1042 636 re·
1068 613 1075 626 ·

224 697 291 772 grs.

452 834 645 907 CAPUT
680 835 803 908 XIX.

268 1009 411 1080 Iorrun
429 1007 538 1080 ambo
553 1008 662 1084 duces
679 1008 801 1083 multis
817 1009 959 1084 vastatis
976 1026 1035 1082 at-

218 1147 289 1224 que
297 1123 505 1224 expugnatis
513 1125 719 1226 regionibus
726 1178 740 1216 ‚
754 1123 822 1220 ipsi
829 1123 914 1197 clari
922 1143 1032 1227 atque

215 1239 399 1342 magnifici
409 1239 546 1340 ingenti
558 1239 729 1333 nomine,
747 1265 813 1338 per
825 1238 963 1316 diversa
976 1241 1032 1316 lo-

214 1383 281 1449 oa,
302 1355 402 1457 quasi
424 1357 468 1430 de
490 1354 691 1450 industria,
710 1357 841 1432 eodem
862 1373 1030 1456 tempore

211 1475 258 1554 ad
271 1473 467 1550 exercitum
481 1501 699 1550 remeavere.
715 1476 854 1550 Deinde
867 1503 1030 1576 perprae-

209 1620 320 1670 cones
343 1592 528 1670 conductis
549 1591 722 1694 inunum
741 1593 878 1669 umetis
898 1594 1027 1668 militi·
1049 1577 1054 1584 ¹

152 1793 154 1798 ,
207 1712 298 1802 bus,
316 1708 560 1809 ducibusque,
576 1707 756 1811 progressi
775 1710 813 1784 in
830 1712 1023 1804 medium,

206 1828 336 1930 singuli
355 1827 544 1920 laborum,
569 1841 677 1926 atque
698 1826 878 1902 industriae
904 1829 1022 1905 docu-

205 1962 329 2031 menta
349 1945 386 2022 in
407 1960 601 2043 conspectu
620 1943 1016 2045 omniumexposuere.

202 2068 293 2166 Quae
304 2062 365 2136 ubi
374 2061 489 2138 Graeci
496 2062 805 2158 animadvertere,
819 2065 942 2139 favore
956 2062 1018 2138 in·
1144 2095 1149 2112 ·

201 2178 301 2282 genti
311 2175 518 2252 aolaudibus
525 2195 588 2250 eos
592 2177 791 2275 prosecuti,
801 2178 1016 2278 mediosque

199 2310 393 2371 statuentes
415 2293 525 2368 ramis
546 2293 634 2368 oleae
659 2321 887 2372 coronavere.
920 2297 1016 2372 Dein

199 2413 387 2491 consilium
400 2413 445 2482 de
454 2411 644 2486 dividenda
650 2415 771 2512 praeda
784 2415 907 2489 haberi
919 2443 1015 2516 coep-

197 2551 298 2626 tum,
314 2535 470 2606 Nestore
489 2539 525 2600 et
540 2525 737 2608 idomeneo
753 2532 790 2606 in
812 2534 1013 2610 decernen-

197 2654 246 2728 do
260 2645 408 2747 optimis
429 2642 779 2746 auctoribus.ltaque
793 2633 1011 2736 cunctorum

195 2765 392 2858 sententia,
411 2791 455 2838 ex
472 2761 575 2836 omni
589 2762 834 2864 praeda'quam
850 2767 1008 2844 Achilles

169 2893 171 2900 “
194 2896 465 2988 apportaverat,
484 2895 672 2980 exceptam
696 2880 856 2962 Eetionis
875 2886 1007 2986 conju-

193 3030 280 3111 gem
295 3005 523 3102 Astynomen
530 3055 542 3092 ‚
554 3025 666 3100 quam
678 2999 808 3101 Chrysi
822 2999 932 3078 filiam
945 3030 1006 3078 su-

192 3153 260 3225 pra
276 3118 485 3212 docuimus,
498 3117 547 3190 ob
557 3118 735 3194 honorem
747 3117 891 3221 regium
904 3124 1005 3224 Aga-

192 3235 381 3332 memnoni
406 3236 580 3311 obtulere.
607 3239 687 3338 Ipse
715 3235 824 3310 etiam
846 3229 1005 3316 ¹Achilles

193 3373 323 3464 praeter
337 3353 451 3434 Brisei
465 3353 576 3432 filiam
590 3353 901 3458 Hippodamiam,
915 3357 1006 3434 Dio-
