2294 4034
113 384 116 388 .
222 323 290 414 124
399 340 579 396 annana
606 337 848 398 earnem
877 336 898 372 ‘x

48 474 51 483 “
145 478 149 484 ·
204 457 318 534 -dictis
331 457 436 556 capit.
457 461 582 560 ltaque
595 443 766 535 habentes
778 453 1034 562 Polydorum,
1133 501 1134 504 ¹

204 575 261 650 -ad
274 575 453 678 Trojanos
465 576 623 652 veniunt.
644 576 790 654 Seduni
803 575 1033 652 animadver-
1133 647 1134 660 ἶ

202 709 290 768 ωε
301 695 493 793 populares
499 694 726 790 ,eleetosme
737 696 861 798 magni
872 692 1030 800 nominis

202 809 309 886 ·viros
328 813 557 908 adventasse,
573 839 730 913 propere
751 841 852 888 senes
875 838 1003 887 omnes
1013 857 1031 906 -‚
1133 807 1134 820 ³

202 956 372 1030 --quorum
398 932 589 1006 eonsilium
613 930 737 1004 haberi
765 931 907 1008 solitum
927 944 1030 1022 erat,
1132 945 1134 950 '

213 1046 252 1124 in
274 1073 389 1120 unum
415 1048 578 1141 duetmt,
599 1045 746 1120 Priamo
774 1075 796 1120 a
820 1047 901 1133 filiis
927 1045 1030 1121 domi

203 1181 367 1248 ¹retento.
380 1166 497 1268 Igitur
512 1165 658 1267 reliquis
675 1166 909 1265 praesentibus
923 1167 1032 1240 Grae-

129 1268 132 1273 ’
211 1309 343 1364 eorum
368 1284 553 1380 Menelaus
581 1285 691 1363 verita
716 1285 802 1362 facit
831 1285 1031 1366 :Secundo

205 1461 208 1466 .
214 1401 290 1502 jam
303 1427 340 1476 se
358 1401 406 1475 ob
419 1391 586 1477 eamdem
602 1425 746 1475 causam
763 1398 928 1500 venisse,
945 1424 1030 1474 cum

204 1519 331 1600 ,na-ulta
347 1519 413 1596 alia
433 1518 623 1596 adversum
637 1544 674 1594 se
687 1503 913 1617 domumque
927 1541 1031 1602 suam

206 1637 392 1732 admissa,
414 1641 494 1710 tum
518 1663 655 1739 magno
683 1661 768 1710 eum
789 1633 929 1738 gemitu
939 1625 1031 1706 *filia

217 1755 408 1840 orbitatem
435 1781 501 1853 per
514 1752 724 1828 absentiam
754 1751 921 1854 conjugis
946 1775 1034 1826 con»

219 1871 323 1972 queri
338 1895 444 1970 :quae
458 1883 584 1944 cuneta
599 1869 645 1942 ab
658 1867 777 1941 amico
795 1867 980 1966 quondam
997 1882 1033 1938 et

218 1986 387 2086 hospite,
406 2013 480 2062 non
503 1983 701 2078 secundum
727 1983 901 2060 meritum
925 2009 1032 2058 suum

220 2108 388 2184 evenisse.
403 2109 454 2182 Ea
467 2097 622 2180 seniores
634 2102 891 2178 lamentatione
903 2101 1034 2184 immo-

220 2227 298 2301 dict
313 2253 396 2301 cum
415 2224 583 2328 lacrymis
601 2221 837 2322 accipientes,
850 2220 896 2294 ad
910 2218 1034 2298 omnia

219 2371 301 2450 quae
320 2345 365 2418 ab
382 2342 672 2450 eodieebantur,
690 2357 862 2443 tanquam
884 2339 1031 2446 injurioe

100 2550 102 2556 ¹
215 2459 697 2568 ejusparticipesmnnuere,
821 2449 826 2460 ’

441 2653 642 2731 aanor
676 2655 821 2753 xnt
872 2733 875 2736 ,

263 2817 364 2894 Posr
381 2840 463 2915 quae
479 2809 627 2912 Ulysses
644 2805 785 2882 medius
798 2805 939 2880 adstans
959 2805 1031 2878 hu-

213 2931 414 3038 juseemodi
422 2929 625 3005 orationem
641 2924 775 3000 habuit.
794 2955 813 2995 a
829 2923 950 3000 Credo
963 2917 1033 3024 ego
1119 2918 1130 2945 ““

102 3070 106 3084 ’
213 3085 232 3126 n
254 3075 339 3142 vos,
354 3045 505 3143 Trojani
529 3039 731 3146 principes,
755 3043 839 3117 satis
862 3069 1031 3140 comper-

214 3201 233 3244 η
252 3185 332 3244 tum
345 3162 478 3238 habere
489 3217 502 3256 ,
515 3161 604 3238 nihil
614 3167 751 3234 temere
761 3163 927 3254 Graeco8,
939 3159 1032 3232 nihil

206 3280 235 3358 n
251 3279 496 3359 inconsultum
508 3277 669 3384 incipere
681 3274 814 3366 solere;
831 3303 873 3350 ac
886 3301 1033 3380 semper.

206 3437 230 3501 ¹,a
257 3401 312 3492 his
324 3400 398 3504 jam
411 3393 916 3502 tumamajorihusprovisum
925 3409 1034 3498 atqua
