2262 4038
305 196 478 244 nunnae
506 194 740 242 neruosa.
857 166 924 239 165

66 392 71 398 Ι
98 305 929 412 ¹Hecubauxore‚etliberisHectore,Alexan·

113 423 185 496 dro
194 481 206 516 ,
222 423 412 522 Deiphobo
421 424 586 517 ,Heleno
594 480 607 520 ,
621 424 768 517 Troilo,
780 423 928 498 Andro-
950 411 954 415 .

27 573 29 581 ’
116 541 264 633 macha,
277 538 697 641 Cassandra,Polyxena.
719 542 817 615 Nam
829 553 929 614 eraut

71 657 73 663 ’
113 672 155 733 et
170 656 228 731 alii
243 657 307 732 filii
320 685 363 732 ex
373 657 581 733 concubinis
588 657 661 732 nati
666 686 678 748 3
693 658 755 732 sed
764 683 874 734 nemo
886 683 932 731 ex

28 835 29 840 η
115 773 219 878 regio
236 801 369 876 genere
379 774 468 851 dixit
481 801 582 871 esse,
598 773 666 850 nisi
679 799 741 850 eos
754 775 817 876 qui
829 789 931 850 erant

113 917 162 966 ex
176 889 345 996 legitimis
368 893 552 971 uxoribus.
576 881 740 970 Priamus
762 908 803 966 ut
823 891 931 968 Ilium

116 1008 248 1105 venit,
274 999 435 1088 minime'
456 1037 599 1088 moram
619 1009 705 1088 fecit
716 1066 730 1107 ,
751 1008 933 1108 ampliora

115 1125 255 1216 moenia
280 1127 479 1220 exstruxit,
504 1145 540 1198 et
558 1125 741 1212 civitatem
761 1124 933 1234 munitis·¹

18 1247 21 1290 ³
115 1269 220 1317 mam
236 1241 411 1335 reddidit3
427 1259 463 1326 et
480 1242 637 1318 militum
663 1231 934 1338 multitudinem

114 1359 169 1464 ibi
182 1389 257 1437 esse
273 1361 358 1438 fecit
368 1417 381 1456 ‚
401 1389 447 1438 ne
464 1389 532 1461 per
547 1361 785 1464 ignorantiam
805 1355 935 1462 oppri-

18 1571 20 1590 ἱ
115 1494 280 1552 meretur
293 1534 306 1573 ,
319 1479 369 1553 ita
384 1495 424 1554 ut
438 1477 650 1554 Laomedon
663 1495 766 1578 pater
778 1478 855 1580 ejus
871 1503 936 1576 op·

20 1665 23 1678 ,
117 1622 261 1696 pressus
275 1613 342 1672 est.
358 1597 513 1700 Regiam
526 1623 672 1698 quoque
684 1594 887 1683 aedificavit,
898 1609 936 1670 et

18 1773 23 1788 ,
50 1801 53 1807 .
117 1711 171 1786 ibi
185 1714 268 1790 Jovi
281 1711 418 1820 Statori
426 1739 527 1785 aram
544 1711 774 1786 consecravit.
794 1715 937 1785 Hecto-

117 1857 199 1922 rem
213 1831 251 1906 in
272 1829 454 1914 Paeoniam
468 1829 566 1905 misit
575 1869 590 1926 ,·
610 1828 676 1904 Ilio
695 1843 817 1928 portas
829 1826 936 1924 feeit,
1024 1899 1026 1902 .

19 1994 21 2014 ι
114 1975 275 2052 guarum
304 1949 454 2026 nomina
484 1951 558 2025 haec
582 1964 685 2039 sunt3
713 1947 936 2040 Antenoria,

22 2099 24 2106 ·
116 2066 321 2164 Dardania,
337 2067 422 2160 Ilia,
446 2070 544 2140 Sctea
555 2122 568 2158 ‚
593 2065 800 2140 Thimbraea
810 2119 823 2157 ,
842 2067 937 2138 Tro-

116 2181 214 2284 jana.
237 2180 378 2254 Deinde
395 2196 590 2280 postquam
610 2179 718 2252 Ilium
739 2177 936 2254 stabilitum

118 2298 210 2390 ‚vidit
218 2353 232 2390 ,
245 2312 389 2394 tempus
402 2295 629 2394 exspectavit.
644 2299 699 2374 Ut
711 2289 828 2372 visum
841 2312 893 2370 est
902 2295 936 2372 ei

22 2451 24 2489 a
118 2413 232 2518 patris
243 2411 391 2513 injurias
408 2409 550 2507 ulcisci,
575 2415 801 2488 Antenorem
818 2411 937 2488 vocari

22 2559 24 2578 ³
120 2531 247 2637 jubet,
271 2527 359 2603 dicit
374 2525 408 2602 ei
424 2524 514 2602 velle
535 2551 594 2621 se,
611 2552 698 2602 eum
718 2528 879 2630 legatum
897 2527 936 2602 in

23 2685 24 2690 ¹
120 2647 298 2754 Graeciam
311 2646 456 2722 mittere
475 2671 612 2748 tquum
626 2669 753 2746 graves
766 2645 832 2719 sibi
845 2645 937 2748 inju-

121 2768 191 2842 rias
220 2767 266 2842 ab
290 2764 346 2840 his
362 2763 425 2866 qui
443 2790 528 2840 cum
555 2762 716 2840 exercitu
745 2755 937 2858 venerant,

122 2887 232 2972 factas
255 2884 293 2958 iu
317 2881 576 2964 Laomedontis
591 2882 702 2984 patris
722 2907 809 2961 nece
818 2937 831 2975 ,
848 2896 884 2956 et
901 2881 939 2955 in

122 3001 336 3096 abductione
365 2999 534 3077 Hesionae
559 2997 789 3100 pertulisset,
814 2996 937 3094 omnia

121 3141 244 3224 tamen
256 3146 359 3224 aequo
372 3107 501 3218 animo
510 3145 720 3223 passum,
734 3115 764 3194 si
777 3115 938 3228 Hesiona

124 3238 388 3338 eiredteretu·
422 3311 429 3327 ,
525 3225 529 3234 ’
871 3227 875 3236 ’
