2294 4034
235 267 303 344 168
416 265 590 342 oureus
617 295 672 341 nu
699 285 852 342 [ruore.⁴

248 435 258 460 ‘
372 466 579 540 orror
614 467 945 541 rex-xvim..

227 659 229 664 .
275 620 379 694 Duru
393 621 517 696 diebus
534 621 669 723 aliquot
684 619 806 695 inotio
819 619 933 711 tritis,
946 643 1042 716 pro-

104 826 106 834 ‚
207 735 348 810 *ductio
374 738 559 839 utriusque
591 738 765 814 exercitus
788 751 1039 836 praeparatur:
1073 821 1078 829 ι

224 853 410 955 divisoque
424 855 518 930 inter
530 882 567 930 se
585 881 715 954 campo
728 913 741 950 ,
754 855 818 956 qui
830 853 970 928 medius
983 852 1042 926 in-

223 985 279 1045 ter
294 975 445 1072 Trojam
460 991 496 1050 et
515 1001 621 1050 naves
637 974 843 1074 interjacet,
861 971 926 1046 uhi
941 985 1040 1044 tem·

211 1106 290 1186 'pus
311 1091 466 1192 bellandi
486 1093 839 1194 videbatur,magna
854 1117 938 1165 cura
950 1088 1038 1163 uni-

209 1225 342 1283 'versus
363 1210 465 1284 miles
492 1211 685 1285 instructus
711 1211 845 1303 armis»,
865 1209 1036 1308 utrinque

112 1396 114 1402 ,
218 1325 425 1422 procedere.
440 1327 533 1400 Dein
546 1327 648 1432 signo
656 1327 740 1401 dato
745 1324 919 1423 ,densatis
928 1325 1035 1398 fron-

209 1442 313 1516 'tibus
321 1501 333 1539 ,
348 1443 539 1519 conflixere
552 1445 645 1518 acies
656 1501 668 1539 ,
683 1444 881 1543 composite
894 1441 1031 1518 Graecis

170 1643 171 1648 ἵ
216 1588 259 1636 ac
272 1562 418 1664 singulis
428 1590 494 1663 per
504 1563 793 1639 distributionem
806 1561 958 1662 imperia
971 1560 1036 1633 du-

207 1683 301 1754 'cum
328 1680 605 1780 exequentibus3
631 1696 782 1773 eontra,
813 1678 889 1752 sine
915 1678 1030 1752 modo

215 1811 323 1896 utque
331 1796 456 1870 ordine
464 1797 628 1870 Barbarie
637 1796 833 1894 ruentibus.
845 1800 1030 1872 Coeterum
1139 1857 1140 1868 ,

214 1913 252 1986 in
280 1941 321 1987 ea
351 1941 473 2016 pugna
500 1915 680 1989 interfecti
704 1912 891 2015 utriusque
919 1914 1031 2012 partis
1138 1903 1140 1950 ³

213 2029 319 2104 multi
340 2031 510 2104 mortales
519 2059 530 2121 3
547 2058 662 2132 quum
681 2058 798 2131 neque
815 2029 1030 2104 instantibus

207 2149 417 2243 cederetur,
429 2165 467 2224 ,et
483 2149 650 2248 exemplo
663 2148 898 2224 strenuissimi
912 2149 1030 2248 cujus·

212 2295 283 2369 que
307 2267 370 2368 qui
391 2269 490 2368 juxta
515 2282 681 2360 steterat,
701 2266 920 2366 aequiparare
943 2265 1028 2368 glo-

169 2435 171 2440 *
210 2384 303 2458 riam
312 2384 505 2459 festinaret.
518 2384 668 2458 Interim
679 2382 856 2459 vulnerati
869 2377 1062 2491 graviter'
1137 2413 1138 2487 p

209 2530 255 2577 ex
263 2502 411 2576 ducibus
420 2502 514 2576 bello
524 2503 698 2574 decedere
706 2493 820 2576 coacti
833 2515 916 2573 sunt
923 2504 1028 2592 ,Bar-

126 2637 130 2644 '
208 2621 401 2714 herorum,
426 2622 578 2710 AEneas,
603 2615 813 2713 Sarpedon,
837 2615 1026 2712 Glaucus,

208 2732 1025 2834 Helenus,Euphorbus,Polydamas;nostro·

207 2880 312 2951 rum,
326 2853 494 2958 Ulysses,
513 2851 718 2948 Meriones,
735 2849 923 2931 nanetus:
949 2932 968 2974 A,

378 3051 847 3124 cururxxxlx.
928 3027 1008 3144 ,ζ’
1134 3049 1135 3060 ¹

256 3227 455 3300 Curuuuu
473 3225 658 3303 Menelaus
681 3227 775 3308 forte
797 3225 1019 3325 conspicatus

206 3339 453 3420 Menandrum
460 3369 616 3447 ,magno
626 3343 768 3444 impetu
776 3335 1020 3446 intuitsqoem
