2302 4026
334 261 496 330 hivae
533 279 736 355 saecun.
882 253 948 329 135

133 386 304 486 caminata
330 417 404 490 per
426 394 619 490 mortales,
633 395 730 492 ipsos
755 383 865 468 ctiam
889 391 952 494 qui

132 503 220 580 haud
233 505 348 611 longe
368 511 552 607 abessent,
568 501 697 586 similia
717 527 778 586 au't
791 509 955 614 graviora

132 621 219 698 hisce
242 613 502 728 sequeientur.
527 633 582 722 ‚Ea
602 647 643 703 ut
664 645 767 705 erant
790 625 954 721 atrocia,
1052 704 1055 710 ,

130 741 244 816 cuncti
264 743 370 820 inter
379 725 423 822 'se
447 747 542 822 taciti
560 764 729 848 reputare
743 745 866 820 animo
876 773 886 834 3
901 759 955 817 at-

129 883 194 958 que
215 861 266 934 ita
290 865 506 964 exemplum
527 867 737 968 hujusmodi
758 865 956 938 ahhorren·
1030 961 1033 965 ¹

130 989 200 1072 tes,
216 979 476 1086 indignatione
490 1009 612 1060 rerum
627 983 845 1085 permoveri.
861 965 961 1056 Dein'
1047 1031 1055 1038 -

128 1095 228 1172 solito
251 1093 368 1179 more
387 1104 589 1208 perrogatis
607 1105 792 1179 seniorum
813 1084 960 1176 senten-¹

129 1211 300 1315 tiis,pari
327 1244 507 1294 consensu
526 1219 693 1298 omnium
704 1277 717 1315 ,
743 1209 960 1297 Menelaum

131 1333 274 1431 indigue
282 1363 438 1436 passum
451 1345 628 1439 injuriam
643 1335 955 1428 decernitur;s010
1049 1427 1061 1446 .

25 1467 28 1474 '
129 1451 297 1527 omnium
319 1456 540 1532 Antimacho
565 1459 602 1531 in
624 1455 779 1561 gratiam
798 1457 960 1532 Alexan:

131 1567 204 1664 dri,
218 1573 418 1664 adversum
436 1575 666 1651 reclamante.
685 1578 742 1650 Ac
754 1575 875 1648 statim
892 1572 955 1674 qui

131 1686 173 1761 de
189 1691 368 1781 omnihus
381 1693 594 1770 nunciatum
606 1695 654 1768 ad
667 1694 854 1770 Priamum
870 1692 956 1769 mit-‘

131 1820 315 1903 tenentur,
333 1810 435 1887 electi
456 1813 530 1912 dun
551 1844 558 1884 :
580 1811 690 1914 hique
716 1811 810 1886 inter
831 1823 957 1914 caetera

133 1949 210 2024 quae
227 1927 547 2034 mandanarum,
572 1929 682 2018 etiam
705 1930 750 2004 de
770 1927 956 2032 Polydoro'

134 2036 277 2156 ‹iocent-
587 2122 589 2126 ,
635 2109 645 2136 ,.
704 2115 708 2122 .
952 2148 958 2180 5

222 2232 225 2240 ·
335 2209 542 2291 capua
578 2210 615 2278 x
629 2210 665 2283 x
680 2210 697 2276 1
712 2209 750 2281 v.

143 2385 148 2392 ¹
180 2399 237 2474 En
253 2399 315 2476 ubi
330 2408 393 2476 rex
405 2401 560 2506 accepit,
573 2401 732 2475 maxime
744 2396 956 2474 constema-‘

136 2527 189 2589 tus
201 2506 414 2594 tiliinuncici
426 2573 438 2611 ,
454 2531 536 2592 anta
549 2509 612 2590 nra
624 2515 790 2590 omnium
802 2518 950 2590 corruit.

138 2631 276 2708 Deinde
293 2664 313 2706 a
327 2631 642 2733 circumstantibus
655 2633 810 2710 refectus
823 2635 954 2735 paulisss

75 2831 81 2838 ,
137 2777 223 2852 per,
239 2753 391 2857 erigitur
407 2783 415 2825 τ
436 2772 545 2858 atque
561 2756 613 2830 ire
626 2754 664 2828 in
678 2753 868 2830 consilium
886 2765 952 2830 cu·

137 2871 258 2970 piens,
273 2869 317 2978 ab
334 2871 467 2976 regulis
490 2872 666 2963 cohibitus
684 2887 747 2946 est.
763 2871 836 2970 Ipsi
848 2880 953 2944 namss

137 3016 204 3092 que
214 2989 341 3068 relicto
349 2974 473 3094 patre,
486 3003 709 3068 conventum
723 2971 959 3095 irrumpam

134 3107 178 3182 ad
198 3105 238 3184 id
260 3123 403 3209 tempus
422 3136 496 3212 quo
516 3106 752 3186 Antimachus
772 3101 896 3180 multis
912 3104 950 3182 in

134 3229 393 3303 contumeliam
420 3227 633 3304 Graeconun
658 3222 836 3327 praejactis
860 3251 954 3324 pro«

130 3341 224 3441 bris,
237 3361 319 3422 tum
335 3337 486 3426 demum
503 3345 638 3424 dimitti
647 3343 859 3432 Menelaum
875 3341 951 3446 aje-⁸
