2270 4036
210 288 276 362 158
388 315 568 389 curans
594 315 650 361 uc
677 277 830 362 ruore.

204 407 475 501 consuescerent
486 425 601 503 Graeci
613 425 729 500 adsua
740 424 861 499 littora
869 424 1035 500 navibus

204 543 406 620 adventare.
429 544 543 620 Mittit
572 544 695 646 itaque
717 543 764 618 ad
785 557 944 642 portum
957 543 1029 643 qui

202 658 342 756 dicant,
358 678 399 736 ut
407 661 525 738 Graeci
537 661 582 737 de
591 660 722 734 [inrisus
729 661 806 762 ejus
813 659 1026 734 discedant:

202 793 240 852 et
251 777 365 853 sinon
378 779 476 856 dicto
487 777 710 872 obedissent,
728 793 807 851 tum
817 801 893 854 sese
907 775 1028 850 armis
1111 801 1113 846 1

130 965 136 973 .
202 895 403 996 ejecturum
416 897 461 972 de
475 896 616 970 tmpus.
630 900 740 972 Jason
749 911 786 971 et
797 895 861 996 qui
874 920 962 969 cum
978 917 1026 986 eo

203 1019 396 1107 venerant,
413 1012 570 1116 graviter
584 1013 756 1089 tulerunt·
768 1011 1024 1090 crudelitatem

202 1131 479 1226 Laomedontis,
494 1132 544 1206 sic
555 1132 646 1206 seab
657 1158 703 1206 eo
714 1129 880 1222 tractari,
902 1154 1024 1230 quum

55 1335 58 1340 Δ
202 1245 299 1318 nulla
311 1247 366 1318 ab'
377 1245 593 1342 illisinjuria
611 1245 705 1321 fucta
725 1261 815 1320 esset
832 1277 841 1317 :
860 1244 1023 1320 simulet

189 1361 378 1436 timebant
401 1361 670 1440 multitudinem
693 1363 958 1457 Barbarormn,
992 1361 1023 1436 si

131 1467 135 1474 ¹
202 1479 536 1580 contraimperium
549 1496 767 1559 conarentur
781 1506 1021 1580 permanere,
1111 1519 1113 1526 >

201 1623 249 1672 ne
262 1591 554 1698 opprimerentur
569 1629 578 1670 ε
597 1625 712 1699 quum
727 1598 795 1697 ipsi
811 1623 887 1671 non
902 1611 1021 1672 essent

202 1716 317 1813 parati
329 1718 375 1790 ad
388 1714 650 1814 proeliandum,
664 1715 787 1818 navim
799 1714 1021 1790 conscende-

203 1846 308 1926 runt,
323 1848 443 1906 eterra
451 1846 690 1924 recesserunt,
703 1830 858 1907 Colchos
864 1831 1021 1930 profecti

204 1962 305 2042 sunt,
318 1937 451 2048 pellem
464 1948 705 2050 abstulerunt,
722 1949 876 2024 domum
886 1947 1021 2026 reversi

205 2078 299 2138 sunt.

454 2244 649 2312 CAPUT
682 2247 769 2312 111.

252 2414 458 2486 Hmcuuus
470 2413 626 2515 graviter
633 2411 746 2486 tolita
762 2440 847 2515 rege
859 2417 1020 2492 Laome-
1109 2509 1111 2516 Ι

118 2563 119 2566 “
205 2531 314 2604 donte
326 2529 583 2604 contumeliose
594 2555 669 2602 sese
681 2543 894 2632 tractatum,
910 2547 946 2605 et
957 2557 1018 2605 eos

170 2675 173 2680 ¹
205 2646 267 2748 qui
282 2676 352 2720 una
362 2647 515 2745 profecti
527 2644 789 2722 erantColchos
796 2704 808 2740 ,
823 2675 908 2722 cum
917 2651 1020 2723 Jaso·
1092 2667 1094 2672 '

204 2791 250 2838 ne
257 2821 271 2857 ,
284 2769 521 2864 Spartamque
531 2754 773 2840 adCastorem
788 2779 824 2838 et
836 2765 1016 2841 Pollucem

205 2882 313 2958 venit.
324 2881 502 2982 Agitcum
513 2881 590 2975 his]
601 2897 641 2964 ut
650 2907 770 2958 secum
782 2871 1020 2983 suasinjun'as

205 2999 416 3090 defendant,
433 3024 480 3072 ne
497 2983 881 3098 Laomedonimpuue
903 2987 1018 3095 ferat,
1103 2985 1109 3006 ⁸

73 3163 77 3169 -
206 3115 305 3213 quod
329 3112 406 3186 illos
422 3143 442 3186 a
460 3130 615 3190 terraet
642 3131 751 3214 portu
771 3116 1017 3214 prohibuisset.

206 3215 341 3310 Multos
364 3232 545 3332 adjutores
565 3233 653 3308 ‘dicit
671 3235 887 3327 futuros‚.si
902 3261 940 3310 se
960 3263 1017 3311 ac-

204 3349 509 3436 commodassent
539 3355 666 3430 Castor
692 3368 737 3436 et.
750 3351 875 3428 Pollux
899 3352 1015 3430 omnia
