2302 4026
300 309 457 360 urvnn
490 305 692 357 sreortn.
840 285 942 380 147·

104 422 153 496 dei
176 423 320 518 vultus,
341 452 383 499 ac
411 424 580 525 quaedam
608 436 909 497 ornamentorum

104 539 216 638 templi
224 541 409 644 eju3‚quo
419 541 556 616 facilius
565 526 812 616 recordatione
820 561 912 638 prae·

102 661 198 734 sentis
224 643 388 742 numinis
410 661 593 742 veneratio
612 661 671 735 'sui
691 658 834 764 regibus
857 660 915 768 ἰῑι·ι

103 793 285 852 cuteretur.
302 780 398 854 Dein
416 779 544 854 oblatis
557 779 635 853 auri
648 795 757 880 atque
772 775 914 880 argenti

104 893 195 969 donis
222 895 414 995 plurimis,
428 898 720 996 redemptionem
742 895 827 968 liliae
850 895 916 968 de-

102 1031 291 1114 precatum
327 1017 518 1092 obsecrans
548 1015 603 1090 uti
636 1012 916 1133 magnificarent
949 999 955 1014 ⁶

103 1132 325 1230 praesentiam
350 1134 441 1227 Dei,
454 1132 519 1236 qui
537 1159 660 1210 secum
684 1147 829 1208 oratum
854 1155 917 1204 eos

99 1251 143 1323 ob
154 1253 381 1327 sacerdotem
395 1251 586 1362 proprium
599 1250 763 1327 venisset.
779 1253 916 1324 Praete

100 1392 154 1441 rea
169 1386 460 1475 commemorat,
475 1393 558 1472 quee
571 1367 609 1442 in
629 1353 705 1442 dies
721 1369 916 1446 adversum
946 1461 950 1466 Ι

103 1509 135 1558 se
150 1486 195 1559 ab
209 1487 474 1562 Alexandro
442 1513 592 1588 ejusque
614 1485 917 1587 consanguineis,

103 1603 148 1692 ob
159 1603 360 1678 exhibitam
353 1631 440 1736 'per
459 1629 497 1678 se
519 1601 642 1702 paullo
653 1617 735 1675 ante
750 1601 922 1674 immola

98 1713 261 1815 tionem,
280 1721 427 1797 inimica
452 1719 665 1820 hostiliaque
692 1715 917 1818 pararentur

104 1840 190 1951 Quae
208 1839 275 1913 uhi
289 1865 482 1938 accepere,
497 1837 720 1912 reddendam
742 1837 852 1911 liliam
865 1865 921 1911 sa-

105 1939 259 2053 cerdoti,
283 1983 404 2059 neque
427 1959 475 2047 oh
492 1957 529 2032 id
549 1956 800 2056 accipiendum
823 1983 920 2055 prae-

106 2073 239 2172 mium,
255 2075 430 2150 universis
444 2075 560 2174 placet
576 2105 584 2144 :
601 2075 736 2178 qnippe
754 2075 817 2176 qui
833 2103 918 2150 eum

105 2217 164 2288 per
177 2219 213 2266 se
234 2192 373 2268 amicus
390 2177 577 2295 fidelisque
590 2191 695 2268 nobis
704 2248 717 2284 ‚
732 2207 812 2268 tum
827 2219 919 2291 prae-

105 2308 205 2418 cipue
225 2312 276 2386 oh
302 2309 516 2420 religionem
540 2309 718 2412 Apollinis
738 2309 826 2380 nihil
845 2337 920 2384 non

105 2429 232 2502 mereri
256 2429 476 2502 crederetur,
500 2429 671 2528 Namque
693 2424 815 2500 multis
842 2428 919 2527 jam

105 2541 329 2620 documentis
345 2571 387 2617 ac
408 2543 505 2616 fama
523 2543 748 2638 incolarum,
767 2544 920 2649 obsequi

106 2663 242 2740 numini
256 2663 336 2766 ejus
352 2689 420 2764 per
432 2661 556 2736 omnia
569 2662 843 2742 destinaverant.

233 2903 240 2926 t
297 2861 721 2934 CAPUTNXXIX,

149 3016 247 3117 Qun
266 3030 462 3117 postquam
482 3015 741 3118 Agamemnon
758 3013 919 3110 accepit,

107 3131 249 3209 obviam
273 3149 490 3212 cunctorum
514 3130 698 3206 sententiis
718 3131 771 3206 ire
788 3133 919 3235 pergit.

106 3245 229 3354 ltaque
241 3251 356 3330 atroci
364 3252 466 3330 vultu
479 3250 625 3327 exitium
640 3249 815 3327 sacerdoti
823 3277 923 3328 com·

106 3368 274 3472 minatus,
282 3362 520 3471 nirecederet,
533 3370 767 3476 poterritum
777 3397 900 3452 senem
906 3391 923 3476 ,‘
