2314 4024
181 231 256 333 276
346 253 548 352 ⁴suerum
573 253 629 315 or
655 230 810 316 roaiz>
855 196 861 211 ’

379 437 585 526 CAPUT
616 437 801 512 XXIII.

190 584 410 702 ‘Jamque'
425 611 594 689 omnibus
627 612 753 692 dolore
795 609 996 714 permotis,⁴

176 727 360 826 'Achillem
374 729 555 826 decuisse,
569 729 637 826 ait,
645 729 737 806 filios
746 754 832 808 eum
842 755 925 804 suos
935 727 1002 802 ini·

107 863 111 870 ·
177 845 231 922 tio
244 847 289 923 ab
303 873 347 924 eo
365 848 465 952 quod
476 847 686 925 admiserint
699 847 878 942 facinore,
892 846 1000 924 cohi-

177 963 265 1042 bere
278 997 287 1038 :
305 993 424 1068 neque
436 966 556 1064 ipsum
570 967 823 1061 coneedendo,
836 965 926 1040 tanti
939 965 1001 1039 de·

99 1095 101 1098 ’
177 1079 251 1158 licti
263 1081 478 1181 participem
492 1081 582 1158 fieri.
598 1085 779 1160 Caeterum
792 1097 874 1157 ante
882 1081 921 1156 id
930 1081 1000 1156 de-

179 1199 350 1278 'sennium
363 1187 438 1274 non
452 1200 502 1276 ita
516 1197 696 1276 defessum
713 1217 854 1278 senecta
871 1200 980 1275 fuisse
987 1223 1003 1295 ,·

177 1333 220 1394 ut
232 1317 305 1392 suis
317 1319 499 1418 despectui
516 1335 627 1412 esset3
642 1319 704 1396 sed
724 1318 904 1396 obsedisse
921 1317 1001 1392 aui·

73 1502 76 1506 .
178 1463 260 1513 mos
270 1463 398 1513 eorum
412 1432 631 1516 desiderium
644 1465 767 1514 rerum
777 1437 997 1514 alienamur:

176 1555 671 1658 nequeobmulieremsolum
682 1553 999 1652 unam,sedAtrei

174 1689 285 1775 atque
308 1673 450 1778 Pelopis
471 1674 603 1751 divitiis
625 1673 825 1769 inhiantes,
851 1687 998 1772 raptum

62 1887 72 1904 ·
177 1807 235 1866 'res
248 1815 354 1867 more
369 1791 556 1867 incondito
570 1792 769 1891 perrexisse
789 1823 798 1863 ε
815 1816 884 1891 pro
897 1789 1000 1893 queis

177 1907 423 2008 'aequissimum
452 1934 548 2004 esse,
580 1909 759 2008 ejusmodi
780 1931 922 2008 poenas,
940 1905 1000 1986 vel

176 2025 286 2102 etiarn
304 2024 487 2128 graviores
507 2025 677 2124 pendere.
700 2029 872 2130 Namque
891 2026 936 2102 ad
958 2025 999 2100 id

179 2155 324 2241 tempus
345 2143 489 2219 Graecos
509 2157 650 2223 secutos
673 2169 818 2220 morem
838 2143 876 2218 in
897 2131 999 2218 bellis

176 2263 385 2364 optimum,
408 2290 660 2376 quoscumque
690 2266 849 2342 hostium
877 2292 1001 2366 pugna

176 2383 395 2480 conficeret,
431 2377 619 2462 restituere
646 2385 837 2484 sepulturae
861 2384 995 2458 solitos.

171 2503 310 2578 Contra
327 2504 529 2578 Hectorem
544 2527 815 2602 supergressum
829 2501 997 2574 humani-

170 2617 255 2694 tatis
280 2619 456 2713 modum,
479 2617 685 2692 Patroclum
708 2617 848 2716 eripere
872 2616 996 2716 praelio

168 2754 300 2813 ausum
308 2791 322 2831 ,
337 2735 469 2836 seilicet
481 2735 527 2809 ad
539 2733 785 2829 illudendam,
796 2761 838 2810 ae
853 2734 996 2810 foedera-'-

122 2907 124 2914 ·
172 2853 265 2932 'dum
279 2851 516 2955 cadaverejus
528 2885 535 2926 :
549 2854 649 2956 quod
661 2853 868 2954 exemplum
879 2855 995 2954 poenis

169 2999 213 3050 ac
225 2971 409 3074 ⁸supplicis
426 2999 555 3050 eorum
579 2973 801 3069 eluendum,
816 2992 857 3050 ut
874 2970 992 3053 Graeci

170 3115 215 3170 ae
225 3093 371 3194 reliquae
381 3093 530 3192 posthac
546 3108 672 3196 gentes
684 3117 867 3170 memores
878 3090 990 3166 ultio-

167 3207 225 3287 nis
240 3211 338 3309 ejus,
355 3237 572 3313 moremque
585 3213 752 3287 humanae
774 3210 992 3290 conditionis

167 3342 368 3407 tuerentur⁴
383 3329 471 3408 Non
485 3328 583 3410 enim
595 3328 768 3428 Helenae,
781 3329 993 3436 nequeMe-⁴
