2296 4046
196 322 246 401 58
380 354 559 404 curant
587 329 829 406 nn'rnorn.

198 461 255 538 nit
275 488 346 566 que
362 466 409 541 ad
426 494 527 544 mare
548 467 795 566 Adriaticum,
812 469 944 546 multas
960 473 1030 546 in·

197 581 306 657 terim
320 603 446 686 gentes
458 589 633 664 Barbarus
648 604 915 689 praetervectus·
946 591 1023 665 lbi·

198 725 271 802 que
284 705 467 782 constituit
480 705 535 782 his
549 708 613 812 qui
629 735 752 784 secum
766 708 1023 813 navigaverant

198 820 403 922 civitatem,
429 827 646 928 appellatam
671 829 872 931 Corcyram
898 828 1024 904 Melae-

199 964 298 1014 nam.
326 945 506 1020 Craterum
531 947 629 1045 apud
644 942 798 1048 Trojarn
825 963 1022 1048 postquam

202 1055 1023 1168 famaestAntenoremregnopotitum,cuncti

203 1177 267 1276 qui
280 1178 375 1253 hello
389 1182 541 1278 residui,
556 1199 772 1258 nocturnam
790 1184 940 1262 civitatis
954 1183 1023 1260 cla·

201 1291 289 1368 dem
310 1316 513 1396 evaserant,
537 1301 681 1375 adeum
709 1303 917 1397 confluunt,
938 1302 1027 1376 hre-

200 1408 310 1513 vique
335 1413 463 1518 ingens
488 1418 615 1494 coalita
639 1419 835 1494 multitudo
863 1451 871 1494 :
903 1434 1022 1493 tantus

200 1553 307 1604 amor
326 1559 412 1634 erga
432 1536 678 1630 Antenorem,
698 1551 808 1637 atque
823 1535 948 1636 opinio
971 1563 1024 1610 sa-

200 1646 348 1744 pientiae
371 1651 586 1730 incesserat:
606 1655 719 1758 fitque
743 1654 912 1754 princeps
931 1654 1027 1730 ami·

201 1761 293 1846 titia
308 1771 386 1872 ejus
405 1799 469 1849 rex
487 1774 739 1859 Cebrenorum
758 1772 955 1848 Oenideus.

165 2233 168 2240 ’
248 2235 347 2318 linc
372 2259 441 2343 ego
457 2237 613 2348 Gnosius
628 2237 778 2346 Dictys,
796 2261 919 2316 comes
937 2237 1030 2317 Ido-

202 2357 325 2450 menei
332 2357 544 2458 conscripsi,
557 2359 722 2434 oratione
734 2385 775 2434 ea
791 2384 902 2460 quam
912 2356 1031 2436 maxi-

200 2504 263 2556 me
288 2480 383 2555 inter
413 2493 489 2553 tam
520 2477 657 2555 diversa
683 2475 862 2578 loquendi
890 2503 1027 2580 genera
1127 2543 1128 2560 ,

198 2596 375 2697 consequi
395 2623 436 2672 ac
451 2593 762 2695 comprehendere
781 2592 908 2692 potui,
929 2593 1029 2669 litte-

201 2713 251 2788 ris
259 2713 425 2807 Punicis,
439 2715 484 2788 ab
499 2711 640 2789 Cadmo
656 2715 857 2812 Danaoque
869 2711 1027 2786 traditis.
1127 2785 1128 2800 ἢ

200 2833 334 2935 Neque
355 2831 400 2906 sit
424 2831 561 2904 mirum
586 2829 778 2936 cuiquam,
801 2827 831 2901 si
855 2830 1030 2930 quamvis

196 2943 316 3029 'Graeci
329 2975 476 3046 omnm,
490 2948 631 3026 diverso
646 2965 768 3024 tamen
784 2947 880 3022 inter
892 2975 930 3024 se
945 2975 1024 3023 ser·
1127 2953 1128 2958 ’

197 3093 310 3145 mone
323 3083 455 3172 agunt,
472 3091 587 3170 quum
601 3095 648 3142 ne
664 3093 729 3143 nos
744 3064 893 3168 quidem
914 3066 1025 3142 unius

194 3187 439 3297 ejusdemque
451 3187 576 3263 iusulae
584 3243 597 3284 ,
612 3185 718 3260 simili
730 3183 851 3288 lingua
859 3244 873 3277 ,
888 3185 951 3259 sad
963 3211 1022 3260 va·
1126 3173 1127 3190 ¹

196 3309 250 3386 ria
268 3306 519 3410 pertttixtaque
532 3319 690 3378 utamur.
710 3303 826 3406 Igitur
837 3329 878 3377 ea
893 3330 971 3404 quae
982 3302 1022 3376 iu

196 3425 292 3505 bello
313 3451 463 3507 euenere
483 3421 616 3504 Graecis
628 3451 668 3502 ac
680 3421 868 3518 Barbarie,
891 3434 1019 3496 cuncta
