2302 4026
321 311 503 371 esven
541 285 768 370 secono}¹
911 291 962 400 9'9

131 445 309 504 mearent
327 461 335 502 ε
352 431 453 533 quod
466 457 507 504 es
521 428 634 533 gratia
651 429 809 506 m'axime
826 457 846 503 a
863 429 962 504 Pria-

132 545 250 621 ·midis
263 547 527 641 festinabatur,
546 547 600 621 uti
618 575 773 648 propere
789 548 962 622 instructo

134 663 304 740 exercitu
315 679 329 762 ‚'
350 680 496 764 tempus
514 653 749 764 profectionis
771 680 965 764 antecape-

139 797 365 884 rent‚atque
373 808 485 868 omne
496 783 598 884 quod
610 783 804 888 parabatur
814 783 965 880 bellum,

125 899 179 981 ..in
200 903 374 1006 regiones
391 902 537 979 Graeciae
553 917 866 1002 transportaretur.

396 1081 602 1154 CAPUT
644 1082 722 1154 IX.

192 1239 293 1312 Dnn
307 1232 382 1311 haec
394 1233 491 1333 apud
504 1235 657 1334 Trojam
677 1250 872 1338 geruntur,
885 1235 971 1311 Dio·

143 1355 277 1429 medes
288 1353 435 1454 incoepti
446 1378 576 1428 eorum
592 1353 724 1428 certior
740 1355 855 1429 factus
871 1383 972 1456 mag-

143 1500 192 1546 na
209 1471 395 1548 celeritate
409 1498 475 1570 per
488 1455 638 1546 omnein
651 1470 828 1548 Graeciam
845 1500 973 1571 perva-

146 1607 276 1694 gatus,
292 1587 478 1667 universos
495 1589 605 1664 duces
627 1588 795 1665 convenit
817 1622 825 1661 :
848 1590 974 1691 eisque

145 1707 345 1783 consilium
363 1707 611 1807 Troianorum
628 1705 821 1803 aperiens,
846 1725 974 1782 monet

149 1847 263 1932 atque
271 1825 797 1928 hortatur‚utiquamprimum
809 1826 976 1907 instructi
1043 1883 1045 1888 -

148 1949 263 2023 rebus
285 1945 381 2022 bello
400 1943 633 2039 necessariis,
658 1946 704 2019 ad
728 1947 972 2051 navigandum

150 2065 375 2141 festinarent.
386 2064 518 2164 Neque
529 2062 645 2138 musto
654 2078 755 2163 post,
765 2093 803 2140 re
813 2068 976 2170 cognita,

150 2188 275 2288 Argos
288 2182 335 2258 ab
350 2181 521 2260 omnibus
534 2181 757 2259 convenitur.
778 2184 834 2259 lbi
851 2181 978 2264 Achil-

149 2303 204 2378 les
222 2300 301 2404 regi
319 2298 547 2410 indignatus,
570 2299 670 2402 quod
694 2317 846 2402 propter
863 2303 976 2379 filiam

156 2435 325 2498 renueret
338 2418 623 2519 profectionem,
637 2418 682 2491 ah
696 2419 829 2521 Ulysse
843 2421 885 2530 in
895 2441 979 2526 gra'-
996 2492 1000 2504 s

153 2541 244 2616 tiam
265 2538 437 2613 reductus
451 2550 518 2612 est.
539 2537 575 2608 Is
587 2559 745 2636 namque
761 2546 975 2619 summoesto

155 2687 196 2735 sc
215 2658 321 2734 luctu
338 2653 456 2730 obsito
474 2653 746 2755 Agamemnoni
768 2651 952 2736 insinuans
958 2712 979 2758 ,·

157 2805 235 2881 quae
249 2775 346 2852 cirea
358 2769 470 2850 filiam
483 2772 561 2873 ejus
573 2771 793 2873 evenissent,
807 2777 974 2859 animum
1049 2788 1064 2798 ’

156 2913 265 2998 atque
289 2907 461 2971 ornatum
481 2891 576 2995 regis
606 2891 830 2972 reformavit.
858 2897 975 3000 Igitur

157 3013 297 3096 eunctis
313 3010 567 3112 praesentibus,
591 3037 815 3112 quamquam
831 3041 854 3086 a
874 3015 976 3095 nullo

158 3133 276 3214 officia
305 3129 441 3210 militiae
470 3127 771 3233 negligebantur,
796 3132 977 3234 praecipue

145 3237 284 3326 'nmen
296 3249 393 3349 Ajux
403 3245 657 3342 Telamonius,
674 3261 709 3322 et
722 3247 878 3326 Achilles
890 3279 982 3331 cunt
1064 3317 1066 3329 ,

161 3366 341 3448 Diomede.
369 3391 496 3446 curam
521 3363 722 3446 mannua
744 3366 978 3473 studiumque
