2326 4032
176 323 997 377 mmmmmn'mwmww
1030 379 1034 386 ,

265 560 905 677 ursnnonnnnus

288 849 291 856 ,
383 847 387 852 =
456 821 658 892 curun
694 823 733 916 1.Ι

98 1068 100 1072 ·
180 1007 274 1121 Sin
288 1059 480 1145 postquam
494 1038 663 1146 Trojanis
675 1041 795 1141 palam
805 1047 998 1142 ostrogem

183 1160 345 1258 perfeeto
361 1163 510 1264 negotio
527 1161 738 1240 inviolatum
754 1217 766 1255 ‚
781 1176 889 1260 atque
901 1158 1000 1231 inte-

182 1300 250 1378 gro
267 1277 441 1353 comitatu¹
457 1271 623 1382 regredi,
638 1272 831 1372 admirati,
847 1271 1000 1358 laudan·

182 1410 307 1496 tesque
316 1389 459 1474 Graeeiae
466 1393 639 1498 pietatem
653 1397 698 1470 ad
710 1395 841 1483 coelum
853 1393 997 1469 ferunt:

69 1547 77 1568 0
186 1509 322 1612 quippe
353 1513 454 1615 queis
486 1515 609 1617 animo
632 1515 682 1588 ita
709 1515 878 1610 haeserat,
904 1510 1000 1585 nulio

179 1657 250 1728 ¹spe
275 1627 495 1731 impetrandi
514 1623 720 1726 cadaveris,
746 1625 940 1732 ipsumque
965 1645 1003 1705 et
1114 1669 1117 1674 ·

185 1749 250 1848 qui
272 1751 357 1824 euni
375 1778 421 1825 eo
444 1751 617 1846 fuissent,
634 1749 781 1825 retineri
802 1777 823 1820 a
843 1747 1002 1844 Grecis,

186 1867 344 1964 maxime
367 1870 427 1954 ob,
443 1867 593 1944 Helenae
607 1899 686 1972 quoe
704 1896 779 1944 non
796 1867 1004 1942 remittere-

186 2002 247 2060 tur
256 2029 268 2081 5
288 1987 590 2064 recordationem.
609 1991 789 2065 Caeterum
809 1987 884 2064 viso
903 1989 1005 2088 Hec-

185 2105 274 2179 toris
297 2107 445 2200 funere,
468 2107 588 2183 cuncti
600 2107 694 2208 cives
706 2105 864 2209 sociique
877 2133 1005 2181 accur-

186 2240 305 2299 rentes
318 2227 445 2308 fletum
457 2226 610 2320 tollunt,
619 2226 979 2302 divellentescomem
990 2279 1004 2318 ,

186 2343 431 2445 foedantesque
444 2371 508 2418 ora
520 2343 731 2438 laniatibus,
745 2371 864 2446 neque
878 2341 916 2416 in
928 2358 1006 2416 tan·

142 2462 144 2466 ’
187 2479 223 2536 ta
235 2459 361 2560 populi
374 2447 604 2540 multitudjne
621 2461 815 2563 quisqua'm
826 2461 864 2534 in
880 2488 918 2536 se
930 2461 1007 2537 vir·-
1069 2445 1076 2454 ’
1098 2487 1103 2494 ·

187 2579 292 2672 tutis,
319 2580 477 2680 aut'spei
502 2581 606 2654 bonae
635 2579 804 2654 fiduciam
831 2579 1004 2673 credere,

186 2696 246 2771 illo
261 2696 450 2771 interfecto
466 2680 671 2799 quiinolyta
684 2721 750 2797 per
762 2676 887 2802 gentes
905 2698 1003 2772 fame

189 2843 311 2892 remur
327 2814 561 2911 militarium,
578 2815 616 2890 in
634 2843 722 2915 pace
736 2816 846 2891 etiam
860 2815 1007 2917 prmcla·

189 2963 229 3009 ra
241 2932 433 3033 pudicitia,
447 2962 491 3008 ex
503 2961 575 3034 qua
588 2934 685 3008 haud
696 2933 879 3009 minorem
893 2961 1005 3038 quam

191 3051 337 3154 reliquis
349 3051 484 3126 artibus
498 3051 651 3154 gloriam
669 3052 819 3152 adeptus
835 3068 923 3144 erat.
942 3055 1007 3126 ln-

190 3184 287 3244 terea
300 3168 428 3268 sepelir
433 3197 493 3244 ere
507 3197 592 3244 eum
604 3169 701 3242 haud
712 3169 821 3271 longe
833 3197 854 3244 a
866 3167 1007 3243 tumulo

190 3286 234 3362 lli
258 3286 352 3389 regis
381 3288 579 3387 quondam.
613 3286 708 3361 Dein
737 3303 864 3362 exorto
894 3314 1007 3390 quam

189 3402 350 3510 maximo
379 3404 516 3483 ididetu
545 3420 729 3510 postrema
758 3405 879 3488 funeri
903 3432 1013 3509 pera·

1150 3425 1155 3516 t
