2286 4024
178 277 348 310 douo-e
354 282 978 316 „noceantne-mount

274 456 896 599 ulanaan·nu1us.'

456 765 652 843 capua
682 769 711 840 1.
868 740 872 750 '

174 920 362 1057 lunam
375 1005 442 1081 per
452 995 569 1056 totam
585 979 766 1082 hyemem⁴
778 979 887 1058 dilato
904 1005 996 1057 con·
1061 1022 1066 1028 ·
1118 973 1120 978 ’

173 1098 368 1180 ditionibus
379 1098 419 1171 in
427 1114 571 1197 tempus
583 1098 700 1193 bellu,
715 1100 831 1178 Graeci
843 1115 996 1193 cuncta,
1121 1115 1122 1140 ³

174 1245 254 1320 quae
266 1215 304 1290 in
316 1215 377 1290 tali
390 1214 465 1289 otio
478 1216 607 1290 militia
621 1219 856 1316 exposcebat,
875 1211 999 1291 inten·
1122 1213 1123 1216 ¹

55 1327 61 1332 .
138 1334 334 1414 -tiauimo
343 1333 496 1410 summis
507 1333 633 1424 studiis
644 1334 998 1422 festinabantNam·
1114 1417 1119 1428 ,

173 1480 246 1556 que
272 1475 342 1554 pm
363 1452 458 1530 vallo
479 1450 678 1530 multitudo
702 1453 868 1540 univensa
892 1452 999 1529 veniis

130 1584 132 1588 ’
172 1567 329 1660 bellandi
347 1571 538 1676 generibus
554 1600 621 1672 par
647 1573 755 1658 duces
772 1571 1000 1674 populosque

173 1691 370 1784 instnacta,
392 1708 428 1766 et
453 1692 502 1766 ob
527 1691 566 1766 id
586 1718 691 1767 more
711 1692 854 1791 optimo
879 1691 1001 1771 divisis
1028 1775 1036 1778 ,

75 1789 79 1801 ’
175 1810 221 1883 ad
239 1808 355 1888 officia
371 1835 438 1881 sua
448 1806 669 1911 quibusque,
683 1809 768 1889 hinc
777 1800 902 1910 jaeulis
919 1809 1002 1884 has-

175 1942 297 2012 tarum
314 1926 392 2004 vice
407 1926 608 2022 fabricatis,
627 1955 747 2030 neque
760 1930 921 2026 pondere
937 1944 1000 2003 aut
1027 1919 1033 1926 ’

175 2071 346 2123 mensura
364 2044 614 2144 inferioribus,
632 2048 817 2148 atquibus
834 2075 909 2124 non
931 2046 998 2122 alia

177 2180 300 2258 etant,
314 2165 475 2262 praeustis
487 2165 656 2258 sudibus,
671 2164 768 2241 illinc
778 2166 914 2268 sagittis
923 2193 1001 2240 cer«
1131 2261 1133 2268 X

176 2296 294 2357 lantes
313 2279 408 2356 inter
422 2309 459 2356 se
475 2281 655 2377 invicem,
671 2283 717 2356 ad
729 2282 886 2358 multum
902 2282 1000 2357 diem

177 2390 372 2500 exercere:
396 2398 455 2470 alii
474 2399 564 2472 saxis
580 2399 784 2473 utebantur.
821 2399 892 2474 Sed
908 2398 1004 2473 inter

178 2514 379 2617 sagittarios
419 2513 578 2588 maxime
617 2515 799 2590 anteibant
832 2514 1000 2614 Ulysses,

179 2637 346 2726 Teucer,
359 2631 563 2723 Meriones,
572 2630 701 2726 Epios,
715 2628 910 2704 Menelaus.
922 2632 1003 2705 Ne·-
1090 2657 1093 2662 ·

184 2779 256 2854 que
278 2749 452 2842 dubium,
465 2747 552 2848 quin
573 2747 667 2820 inter
679 2746 744 2821 hos
766 2761 888 2820 tamen
909 2773 1004 2846 prae-

186 2870 330 2947 celleret
343 2863 707 2967 Philocteta3quippe
720 2864 889 2939 Herculis
900 2857 1005 2970 sagit-

182 3006 303 3066 tanim
318 2985 505 3079 dominus,
519 3001 555 3060 et
569 2984 743 3060 destinata
760 2971 912 3059 feriendi
927 3002 1004 3064 arte

184 3104 370 3182 mirabilis.
386 3107 436 3178 At
453 3103 605 3206 Trojani
618 3131 702 3179 cum
716 3102 942 3178 auxiliaribus
958 3105 1005 3178 la·

186 3224 304 3298 xiores
317 3221 465 3316 militia,
480 3249 598 3324 neque
619 3221 712 3298 circa
725 3221 922 3303 exetcitum
939 3223 1006 3296 sol-

187 3340 273 3420 liciti
290 3340 472 3444 secordius
490 3341 636 3440 agitare.
659 3343 715 3420 Ac
733 3365 825 3439 saepe
846 3339 921 3416 sine
934 3341 1008 3417 ullo
