2262 4038
293 320 547 372 curn-nnus:
575 324 727 374 rnorn.
850 291 919 395 169
1009 294 1012 299 ’

102 437 245 512 'sionem
263 461 442 532 *sororem
478 435 682 512 redderent.
702 423 845 512 'Castor
883 452 920 514 et

103 554 231 633 Pollux
244 562 466 658 negaverunt
481 553 652 655 injuriam
672 553 817 631 Priamo
842 553 921 636 fec·

105 686 292 768 tamense,
307 669 370 745 sed
380 671 670 747 Laomedontem
683 697 745 750 eos
758 671 921 772 priorem

74 791 78 800 '
105 789 255 866 laesisse:
275 791 501 866 Antenorem
514 789 695 867 discedere
709 790 848 892 jubent.
859 795 923 871 In·-

107 907 153 986 de
165 907 297 1011 Pylum
311 907 357 982 ad
369 909 565 984 Nestorem
581 909 701 1002 venit,
726 907 815 984 dixit
828 910 924 986 Nes·

98 1025 179 1100 tori
191 1026 316 1126 quade
328 1026 621 1132 ceussavcnisset.
635 1026 709 1128 Qui
717 1042 758 1101 ut
765 1025 923 1119 audivit,

108 1142 216 1243 coepit
228 1143 441 1243 objurgare,
455 1169 520 1214 cur
530 1165 636 1214 ausus
643 1143 731 1214 sitin
745 1142 925 1218 Graeciam

105 1259 251 1354 venire,
267 1285 383 1360 quum
408 1286 430 1332 a
455 1257 659 1360 Phrygibus
679 1258 800 1335 Graeci
824 1259 925 1359 prius

104 1375 176 1452 lnsi
187 1375 347 1452 fuissent.
362 1375 441 1452 Ubi
456 1375 592 1452 audivit
604 1379 770 1455 Antenor
782 1377 833 1452 nil
849 1377 924 1452 im-

105 1512 264 1596 petrasse
278 1503 346 1588 ‚ct
368 1493 627 1571 contumeliose
652 1496 797 1571 tractari
821 1495 925 1570 Prie-

67 1644 70 1654 ·
107 1641 231 1710 mum,
247 1614 369 1690 navim
379 1612 616 1708 conscendit,
630 1614 783 1688 domum
801 1626 925 1690 rever-

36 1823 43 1831 ,
107 1758 167 1808 sus
177 1747 242 1808 est.
257 1733 403 1808 Priamo
416 1731 492 1832 regi
506 1731 750 1828 demonstrat,
766 1743 926 1832 q'uomo-

107 1849 156 1922 do
165 1850 411 1948 unusquisque
425 1846 672 1944 responderit,
682 1865 720 1922 ot
735 1850 924 1948 quomodo

106 1967 154 2040 ab
177 1965 245 2040 illis
269 1978 437 2041 tractatus
458 1963 502 2038 sit
522 1995 536 2036 ε
564 1964 745 2064 simulque
760 1966 922 2040 hortatus

107 2082 358 2172 estPriemum
368 2135 382 2174 ‚
395 2093 436 2154 ut
456 2105 518 2156 eos
530 2079 626 2157 bello
644 2098 902 2192 persequatun¹
1020 2136 1026 2148 ,

363 2638 559 2748 cnrnr
585 2638 656 2707 vr.

17 2813 20 2822 '
152 2775 368 2869 Conrrnuo
384 2789 548 2866 Priamus
561 2790 652 2866 filios
663 2792 783 2868 vocari
794 2793 917 2894 jubet,

101 2925 140 2990 et
159 2935 287 2988 omncs
298 2906 434 2984 anticos
451 2933 553 3004 suos,
570 2910 818 3004 Antenorem,
836 2915 918 2986 An—
962 2957 965 2960 -

102 3029 245 3121 chisen,
262 3027 423 3122 AEncan‚
439 3024 727 3129 Ucalegontem,
745 3027 917 3105 Bucolio·

101 3171 207 3238 nem,
228 3144 433 3238 Parthum,
452 3146 681 3242 Lamponem
692 3199 705 3237 ,
731 3160 768 3219 et
788 3172 915 3222 omnes

102 3262 193 3337 filios
208 3262 329 3364 quiex
346 3261 555 3338 concubinis
571 3261 644 3336 nati
661 3277 773 3337 erant.
784 3266 862 3365 Qui
874 3284 914 3342 ut

99 3396 343 3460 convenerunt
350 3380 463 3482 ‚dixit
472 3380 523 3462 eis
534 3407 573 3462 se
584 3383 811 3460 Antenorem
820 3383 915 3490 lega·

199 3528 244 3574 11.
743 3501 768 3580 8
