2302 4026
351 302 777 358 nivansucoun.
909 284 1055 383 159-

151 407 363 488 uuiversum
380 417 576 494 exereitum
595 420 779 496 salubritas
796 422 973 526 vigorque
1081 505 1083 513 s

154 525 277 600 solitus
296 550 489 604 renovatus
502 553 565 606 est.
576 536 743 615 xMittitur
757 540 866 615 etiam
888 539 976 612 Phi-

154 640 976 745 doetetaeLemnumportiopraedaeejus‚quam

158 761 273 838 Graeci
287 790 355 863 per
369 764 521 865 Ajacem
535 781 644 866 atque
658 762 840 847 Achillem
854 762 977 838 advec-

156 893 232 954 tam
244 880 393 960 interae
406 883 543 959 viritim
557 881 823 957 distribuerant.
899 932 901 938 -

335 1143 543 1218 capue
579 1144 801 1215 xxxlv.
923 1127 926 1132 '

207 1358 411 1436 Canunuu
430 1355 587 1430 Achilles
606 1335 751 1430 memor
763 1354 901 1456 injuriae
918 1381 981 1430 su·
1095 1355 1096 1358 '

158 1474 329 1578 pradietae
366 1474 618 1548 abstinendum
651 1473 796 1572 publico
832 1472 980 1546 consilio

151 1592 387 1684 decreverat,
397 1591 482 1664 odio
495 1591 656 1663 maxime
669 1587 957 1691 Agamemnonis
966 1641 982 1684 ,·

157 1689 368 1810 abolitoque
381 1735 506 1812 amore
524 1735 636 1809 quem
651 1709 744 1783 eirca
762 1709 905 1784 Graecos
918 1707 982 1810 ha-

158 1827 309 1917 buerat3
325 1826 457 1902 scilieet
469 1827 568 1931 quod
578 1821 705 1902 eorum
715 1824 887 1928 patientia
896 1841 982 1926 post

161 1959 217 2019 tot
242 1945 423 2019 bellorum
450 1939 640 2040 victorias,
671 1973 713 2044 ae
735 1945 830 2020 faeta
844 1938 983 2038 fortia,

154 2063 435 2162 Hippodamia,
458 2089 669 2139 concessum
701 2089 770 2162 pro
800 2062 983 2138 laboribus

150 2181 378 2280 praemium,
399 2209 466 2280 per
493 2183 665 2283 injuriam
695 2181 847 2256 abducta
878 2196 980 2254 esset

160 2299 255 2372 Dein
274 2297 458 2374 venientes
479 2300 528 2373 ad
545 2327 581 2374 se
595 2300 722 2392 dume,
741 2299 840 2373 aditu
856 2296 984 2396 prohi-

131 2487 135 2492 .
161 2416 248 2492 bere
260 2474 273 2512 ,
286 2445 406 2518 neque
421 2418 591 2518 cuiquam
607 2416 986 2518 amicorum-ignosce·

163 2561 224 2627 re,
238 2534 302 2633 qui
316 2559 353 2606 se
367 2533 535 2608 adversus
552 2534 842 2635 Agamemnonis
855 2551 986 2612 contu·
1087 2545 1089 2548 ’

162 2651 314 2748 melias²
345 2677 461 2751 quum
488 2639 683 2728 defendere
714 2653 860 2747 liceret,
885 2651 986 2728 dese*-

162 2767 329 2841 ruissent.
345 2771 445 2842 Intus
459 2768 571 2871 igitur
583 2797 733 2844 manens
747 2827 760 2865 ,
777 2770 984 2846 Patroclum

165 2901 202 2959 et
217 2885 449 2980 Phoenicem,
466 2887 564 2962 hunc
582 2915 729 2963 morum
743 2888 985 2990 magistrum,

135 3001 319 3078 alterum
348 3004 529 3105 obsequiis
558 3005 722 3080 amicitiae
756 3006 928 3097 charum,
949 3019 987 3078 et

153 3121 329 3224 *aurigam
343 3149 450 3198 suum
464 3124 775 3204 Automedontem
788 3149 911 3200 secum
929 3147 986 3197 re·

165 3238 314 3318 tinebat.
385 3299 389 3303 .
