2302 4026
199 363 263 411 112
380 365 557 415 etrum
584 369 637 414 DE
665 363 815 415 Tuom.

194 477 324 551 terficit
339 508 347 548 :
361 508 478 580 neque
490 481 606 554 multe
619 497 701 578 post
713 481 908 556 Philocteta
919 505 1005 556 cum

193 596 338 692 paucis,
353 599 407 689 uti
424 615 609 673 curaretur
622 603 832 692 ,Lemnum
850 599 1005 672 insulam

192 709 371 788 mittitur:
388 745 544 817 namque
559 715 595 789 in
614 745 655 792 ea
672 716 762 792 sacri
778 717 930 792 Vulcani
942 743 1007 788 an-

189 831 318 906 tistites
333 822 528 908 irmabitare
555 837 600 908 ab
620 835 748 910 accolis
768 834 1004 927 dicebantur,

191 950 283 1023 soliti
300 953 438 1027 mederi
450 954 616 1029 adversus
627 982 763 1030 venena
776 951 998 1054 hujusmodi.

443 1111 635 1182 CAPUT
668 1113 754 1181 XV.

239 1235 432 1314 Paridem
452 1255 595 1339 tempus
614 1241 810 1316 Diomedes
833 1255 867 1314 et
891 1238 1007 1341 Ulys-

191 1383 246 1434 ses
269 1359 456 1433 consilium
475 1360 519 1434 de
546 1358 794 1434 interficiendo
815 1358 1006 1432 Palamede

189 1476 315 1550 ineunt
326 1534 339 1570 ,
358 1504 460 1560 more
479 1476 612 1577 ingenii
631 1477 800 1570 humani,
819 1476 915 1576 quod
927 1474 1006 1554 im-

189 1589 324 1665 bellum
338 1594 526 1669 adversum
541 1594 683 1668 dolores
699 1592 835 1686 animi,
853 1609 890 1667 et
910 1591 1005 1686 invi-
1025 1663 1028 1668 .

189 1705 255 1782 diae
266 1710 436 1808 plenum,
451 1712 576 1786 anteiri
590 1739 627 1786 se
641 1741 660 1784 a
674 1712 823 1786 meliore
837 1712 934 1783 haud
944 1711 1002 1782 fa-

190 1825 255 1899 cile
272 1827 418 1924 patitur.
433 1829 547 1930 Igitur
559 1829 726 1902 simulato
745 1829 843 1930 quod
858 1828 1003 1900 thesau-

189 1971 271 2016 rum
297 1931 482 2044 repertum
500 1946 538 2020 in
555 1963 666 2046 puteo
693 1975 777 2022 curn
806 1973 849 2021 eo
875 1944 1004 2044 partiri

187 2061 340 2156 vellent,
365 2064 514 2138 remotis
537 2066 665 2164 procul
695 2065 891 2159 omnibus,
918 2090 1002 2161 per·
1040 2133 1045 2138 ,

176 2182 354 2275 suadent,
364 2184 416 2255 uti
425 2184 499 2281 ipse
508 2185 628 2282 potius
638 2177 869 2258 descenderet
884 2210 1003 2256 :eum-

188 2325 259 2397 que
277 2298 362 2371 nihil
374 2302 420 2373 de
434 2301 568 2374 insidiis
582 2317 888 2375 summetuentem
902 2357 915 2395 ,
936 2299 1003 2372 ad-

186 2413 999 2516 miniculofunisusunideponunt;acpropere

186 2533 337 2628 arreptis
353 2534 462 2625 saxis,
473 2561 551 2632 quae
559 2533 695 2607 circum
710 2552 829 2627 erant,
847 2537 1000 2634 desuper

186 2651 356 2752 obruunt.
377 2657 430 2724 lta
448 2652 502 2725 vir
525 2651 685 2748 optimus
707 2668 944 2752 acceptusque
961 2637 1005 2724 in·
1083 2718 1086 2726 .

186 2769 343 2842 exercitu
355 2825 367 2863 ,
381 2770 483 2868 cujus
492 2797 608 2869 neque
618 2769 976 2870 consiliumunquam
984 2825 997 2864 ,

184 2915 303 2986 neque
322 2888 432 2961 virtus
448 2889 578 2961 frustra
593 2887 683 2980 fuit,
700 2888 963 2962 circumventus
975 2917 997 2961 a
1041 2891 1047 2896 “
1091 2887 1094 2894 “

184 3005 314 3106 quibus
335 3006 485 3080 minime
508 3007 701 3100 decuerat,
718 3006 867 3108 indigno
885 3007 998 3080 modo

183 3121 330 3197 interiit.
350 3127 420 3200 Sed
442 3125 563 3219 suere,
581 3123 643 3225 qui
661 3125 737 3223 ejus
753 3123 890 3198 consilii
903 3123 997 3196 haud

184 3258 369 3336 expertem
398 3227 714 3338 Agamemnonem
742 3241 927 3333 dicerent,
948 3241 997 3314 ob

185 3357 349 3435 animem
363 3360 462 3437 decis
474 3361 512 3435 in
526 3361 721 3437 exercitum
733 3390 744 3456 5
766 3377 802 3468 et
816 3360 898 3462 quia
916 3384 998 3458 pars
