2314 4024
167 303 242 374 ὅπα
346 323 806 404 αὐειιιιιυειτιιοηκ

69 457 71 463 “
165 436 257 514 viter
271 440 398 538 proelio
407 441 606 530 decedunt.
631 431 674 514 ln
694 463 769 542 (suo
783 427 879 514 bello
895 439 979 511 An·-

166 553 317 628 tilochus
331 556 494 632 Nestoris
509 557 635 634 obvius
652 558 748 632 forte
767 552 977 644 Memnoni,

164 667 390 748 interficitur.
418 677 580 776 Moxque
605 676 721 774 Ajax,
744 673 808 756 ubi
834 689 979 769 tempus

166 785 283 862 visum
309 805 381 882 est,
409 791 504 866 inter
525 807 718 892 utramque
749 789 863 864 aciem
890 813 981 886 prQ·

166 931 327 1006 gressus,
352 907 490 983 lacessit
514 935 662 1010 regem,
688 907 858 1004 praedicto
882 905 981 1003 prius

169 1022 293 1126 Ulyssi
310 1040 346 1099 ct
363 1027 562 1100 Idomeneo
568 1083 581 1118 ,
599 1053 619 1098 a
637 1024 770 1100 caeteris
790 1023 845 1097 nti
856 1051 893 1098 se
918 1024 982 1096 de-
1079 1092 1082 1098 .

166 1139 368 1216 fenderent.
380 1145 496 1244 Igitur
505 1146 684 1218 Memnon
696 1143 760 1216 ubi
775 1141 821 1213 ad
834 1167 870 1214 se
882 1139 980 1214 tendi

166 1257 285 1352 videt,
312 1254 433 1361 curru
449 1257 586 1351 desilit,
617 1253 849 1358 confligitque
871 1256 982 1358 pedes

167 1383 252 1451 oum
267 1377 379 1479 Ajace
387 1379 552 1480 ,smagno
561 1377 748 1479 utriusque
761 1373 871 1473 partis
881 1389 985 1449 metu

167 1508 276 1595 atque
305 1496 580 1596 exspectatione.
598 1501 604 1556 ἶ
617 1497 729 1572 Tum·
750 1481 823 1568 dux
862 1491 990 1568 noster?
1116 1515 1123 1530 ¹

168 1601 311 1710 summa
324 1614 360 1690 vi
372 1605 572 1714 umbonem
590 1614 681 1690 scuti
694 1617 772 1711 ejus
783 1612 855 1687 telo
871 1612 909 1686 in
924 1611 991 1718 ΙειΙί«”

168 1748 345 1832 quantum
354 1732 514 1834 foratum
521 1732 708 1836 ,grauibus
716 1729 983 1832 atquesummis

45 1845 47 1849 ’
167 1846 302 1922 viribus
336 1849 506 1952 ingruens
535 1850 705 1950 impulit,
732 1839 911 1952 vertitque
944 1851 982 1924 in

167 1962 270 2039 lutus.
285 1969 370 2066 Quo
383 1962 482 2074 viso,
499 1968 593 2074 regis
610 1967 760 2044 comites
774 1992 960 2044 accumere
969 2022 982 2062 ,

169 2084 321 2182 Ajacem
335 2087 524 2193 exturbare
538 2087 702 2192 nitentes.
717 2089 816 2162 Tum
829 2085 984 2160 Achilles

168 2201 232 2276 uhi
245 2229 266 2275 a
278 2203 443 2280 Barbaris
455 2205 628 2284 intercedi
640 2206 736 2284 videt
743 2259 755 2299 ,
771 2204 890 2306 pergit
902 2229 986 2288 con-

154 2319 247 2414 -tra',
279 2335 315 2395 et
341 2306 520 2400 nudatum
547 2339 648 2429 scuto
676 2323 787 2426 hostis
802 2320 983 2430 'jugulum

162 2438 269 2514 .hasta
285 2423 490 2551 transfigit(

405 3073 614 3187 ,canon
650 3076 752 3150 v11.
782 3145 797 3168 „
901 3171 904 3176 Ι

208 3249 294 3317 ,lm
314 3242 443 3342 praeter
455 3245 764 3345 s'pem‘interfecto
778 3247 990 3341 Memnone,

175 3359 287 3468 animi
305 3363 463 3452 hostium
490 3379 785 3458 commutantur,
805 3380 841 3440 et
861 3366 995 3442 Graecis
1147 3369 1152 3478 Δ
