2286 4024
198 327 266 404 188
313 305 317 312 ¹
374 299 555 403 ohanne
583 349 639 399 nn
667 347 843 399 rnorrt

193 492 326 568 equos,
341 465 456 570 regias
471 465 578 565 opes,
599 480 635 538 et
655 465 701 538 ad
715 478 942 562 postremum
953 457 1010 535 nti

193 577 353 684 quidque
365 609 442 658 sors
457 581 629 676 dederat,
644 577 874 680 praeripiunt.¹

384 776 591 852 CAPUT
628 779 826 850 XLVII.

126 956 149 981 ··
243 929 332 1004 Hoc
346 926 459 1006 modo
477 929 632 1008 victores
653 928 757 1033 Graji
783 926 907 1008 deletis
933 955 1020 1009 cum
1124 993 1125 1044 t

194 1049 417 1146 Imperatore
432 1050 652 1147 Thracibus,
670 1051 790 1125 onusti
814 1047 937 1148 praeda
963 1067 1021 1126 at·-
1123 1048 1126 1080 ⁴

1125 1107 1128 1202 Ι

191 1191 268 1266 ‘que
301 1163 473 1259 victoria,
508 1165 555 1242 ad
587 1192 695 1253 naves
726 1161 1034 1270 digrediuntur.

198 1307 313 1383 quum
336 1281 482 1356 interim
504 1283 656 1384 Trojani
677 1313 722 1358 ex
740 1282 854 1358 muris
875 1310 1062 1415 respec

83 1485 88 1514 g
198 1413 314 1472 tentes
322 1425 586 1504 nequicquam,
600 1427 668 1500 pro
676 1401 1022 1476 sociismtramoema

199 1532 322 1590 tamen
336 1513 568 1616 trepidarent
589 1514 704 1620 Igitur
715 1515 865 1592 Barbari
877 1533 931 1593 tot
945 1517 1024 1619 jam

199 1631 355 1712 adversis
367 1634 474 1708 rebus
486 1632 610 1729 fracti,
618 1633 759 1735 legatos
769 1630 929 1710 inducias
943 1658 1026 1733 posa

201 1751 356 1826 tolentes
368 1750 414 1829 ad
426 1751 570 1826 Graecos
586 1751 747 1826 mittunt.
768 1753 824 1827 Ac
838 1777 1027 1856 morinos·
1133 1815 1139 1866 ;

203 1868 267 1942 tris
282 1867 528 1944 conditionem
543 1865 845 1971 approbantibus,
862 1867 1027 1970 interpo-

205 1985 273 2060 sito
291 1984 464 2060 sacrificio
485 1985 597 2062 fidem
617 1985 712 2086 pacti
732 1986 933 2064 finnavere.
951 1989 1029 2062 Eo·
1140 2025 1141 2028 ¹

206 2103 291 2178 dem
312 2103 390 2176 fere
408 2105 762 2208 tempore'Chryses,
778 2131 888 2204 quem
908 2131 1030 2178 sacer-

193 2220 332 2314 dotem
351 2218 519 2296 Sminthii
536 2215 714 2320 Apollinis
727 2245 1032 2318 supra-memora-

210 2338 350 2431 vimus,
367 2337 414 2410 ad
435 2337 634 2412 exercitum
651 2337 749 2414 venit
762 2353 883 2413 actum
901 2337 1033 2440 gratias
1076 2381 1079 2386 Α

134 2487 136 2491 ⁴
209 2483 317 2556 super
333 2457 387 2525 his
396 2508 410 2546 ,
429 2457 559 2554 quaein
575 2483 613 2532 se
632 2472 775 2556 recepta
789 2455 861 2530 lilia
876 2455 1035 2558 benigne

211 2571 256 2643 ab
269 2568 397 2642 nostris
413 2583 510 2669 gesta
525 2577 627 2638 erant
643 2595 651 2636 ι
666 2571 715 2636 ob
731 2590 809 2663 quae
826 2580 901 2638 tam
916 2573 1037 2642 hono-

213 2687 334 2781 rifica,
353 2683 461 2758 simul
480 2681 581 2783 quod
598 2683 828 2784 Astynomen
843 2679 1038 2760 liberaliter

214 2803 374 2880 habitam
408 2815 647 2904 cognoverat,
684 2799 871 2874 reductam
912 2827 1038 2880 secum

216 2919 485 3026 Agamemnoni
509 2917 630 2993 tradit.
654 2919 786 3019 Neque
809 2916 926 2991 multo
954 2935 1039 3018 post
1128 2971 1132 2978 .

218 3041 415 3118 Philocteta
428 3065 514 3146 eum
528 3038 582 3112 bis
589 3095 603 3134 ‚
617 3037 681 3138 qui
696 3051 839 3135 partem
852 3036 978 3134 praedae
990 3037 1039 3112 ad

87 3159 92 3164 ’
221 3188 306 3236 eum
319 3139 570 3258 portaverant,
587 3161 729 3231 Lemno
749 3153 994 3260 regreditur,
983 3183 1060 3228 m-.

221 3278 357 3354 validus
369 3280 589 3376 etiamtum,
602 3303 720 3378 neque
729 3273 812 3349 satis
823 3271 931 3348 firmo
942 3300 1044 3378 gres·

223 3418 276 3474 eu.
