2302 4026
296 325 494 392 ,ιινη
532 323 756 377 secono.
902 303 950 402 87

132 437 258 514 nonis
281 455 475 538 expetens,
488 437 637 514 infestus
657 440 772 516 aciem
790 437 960 535 invadit,
1050 533 1052 538 ,

132 567 239 655 atque
253 555 393 660 fugatis
407 582 497 658 quos
509 555 699 634 adversum
713 557 824 654 ierat,
838 558 960 660 quum'

133 673 316 749 obstinate
343 675 514 778 Ulyssem
538 675 633 752 inter
653 675 796 773 vineas,
817 705 896 778 quae
921 674 957 752 ei

132 787 213 865 luco
231 791 416 900 adjunctae
433 807 556 892 erant,
570 793 843 896 insequeretur,
861 821 960 892 prae-

21 927 22 934 ’
134 908 282 1008 peditus
302 926 433 1004 trunco
457 909 538 988 vitis
556 912 641 986 ruit.
662 915 704 988 ld
723 911 785 987 ubi
802 907 960 988 Achilles

134 1027 266 1126 procul
286 1007 559 1124 animaduertit,
578 1031 692 1105 telum
709 1029 882 1131 jaculatus
901 1028 959 1104 fe-

134 1171 225 1219 mur
241 1145 429 1222 sinistrum
451 1147 484 1222 ei
498 1147 686 1249 transfigit.
708 1150 759 1222 At
775 1147 960 1245 Telephus
1058 1185 1060 1190 v

137 1262 299 1364 impigre
328 1289 538 1367 resurgens,
562 1265 702 1338 ferrum
729 1293 779 1356 ,ex
806 1289 960 1364 empore
1005 1281 1016 1322 t

139 1381 325 1474 extrahit,
344 1397 381 1455 et
395 1367 580 1479 proterius
593 1408 771 1458 concursu
789 1407 962 1476 suorum,

139 1499 184 1572 ab
198 1497 346 1572 instanti
359 1490 517 1598 pernicie
533 1497 702 1575 liberatus
716 1513 781 1572 est.

399 1663 712 1766 ciruitu

190 1844 349 1930 Juuour
371 1841 441 1917 diei
467 1843 684 1943 plerumque
710 1853 960 1939 processerat,

147 1983 262 2066 quum
274 1957 516 2062 utraq'ueacie
529 1958 797 2058 intentapraelio
810 1959 965 2035 sineulla

147 2077 295 2178 requie,
309 2091 355 2154 ac
370 2077 449 2180 jugi
462 2079 659 2156 certamine
673 2078 824 2153 strenuis
836 2081 968 2154 adver-

148 2217 228 2268 sum
259 2220 297 2268 se
327 2193 505 2291 ducibus,
537 2197 760 2300 fatigaretur.
792 2197 968 2297 Namque

149 2313 500 2388 nostrosmultorum
509 2314 651 2408 dierum
660 2313 971 2418 navigioaliq'uan-

151 2430 976 2532 tumeuhaustos,mauim'epraesentiaTelephi¹

151 2547 409 2625 debilitaverat.
422 2553 457 2624 ls
471 2533 629 2649 namque
637 2547 797 2649 Hercule
807 2548 969 2650 genitus,

150 2691 322 2766 procerus
335 2693 511 2767 corpore,
525 2693 567 2742 ac
578 2665 716 2765 pollens
729 2666 864 2742 viribus
879 2666 972 2743 divi-

140 2767 206 2860 ¹uis
234 2784 347 2884 patris
372 2783 575 2860 virtutibus
591 2781 779 2882 propriam
814 2783 969 2885 gloriam
1024 2786 1028 2792 ’

152 2901 441 3002 aequiparaverat.
465 2901 580 3003 Igitur
603 2889 817 2976 adventante
836 2916 965 2994 nocte,

154 3017 290 3096 umetis
302 3019 541 3119 cupientibus,
549 3019 691 3120 requies
699 3017 782 3092 belli
791 3018 885 3108 faeta
894 3034 966 3092 est:

152 3138 306 3214 acMoesi
315 3165 354 3214 se
362 3139 408 3212 ad
417 3138 592 3235 domum,
605 3137 717 3212 nostri
730 3136 895 3211 ad'naves
908 3135 968 3212 di-

152 3253 382 3356 grediuntur.
400 3259 579 3339 Ceterum
595 3257 633 3331 in
646 3283 687 3331 ea
700 3282 821 3359 pugna
834 3255 968 3331 utrius-

155 3397 224 3473 que
245 3373 422 3456 exercitu
442 3374 624 3468 interfecti
647 3375 754 3456 moolli
773 3375 968 3474 mortales,
