2270 4036
211 325 256 418 76
395 309 573 396 aornar
600 349 654 396 ιιιι
681 341 833 396 rnora.

207 481 266 530 res
296 481 424 531 eorum
454 457 526 565 qui
547 473 751 554 evaserant,
774 455 871 557 apud
894 455 1030 533 Corin-

210 570 313 646 thum
335 571 464 669 fuere,
491 591 616 650 cavent
638 574 691 650 uti
714 573 830 716 juncti
851 573 947 648 inter
968 595 1029 665 se,

205 679 348 794 singola
373 677 660 796 aggrederentur
683 697 827 797 regina,
856 689 1029 792 belloque

209 797 348 882 aditum
365 809 420 883 ad
443 832 526 884 snos
551 811 806 923 patefacerent.
831 811 923 884 Eam
946 835 1035 882 rem

208 927 347 1002 Nestor
360 926 548 1028 prohibet,
561 926 1030 1034 smdenstentandosprius

208 1039 343 1116 civium
367 1043 507 1120 animos
523 1075 534 1116 ι
553 1071 673 1146 neque
695 1043 1001 1122 committendum
1015 1099 1036 1138 ,

209 1161 268 1232 ‘nti
285 1185 352 1259 per
367 1162 583 1238 seditionem
615 1163 751 1264 Graecia
777 1161 897 1240 omnis
914 1163 1035 1238 intes-

209 1277 304 1352 tinis
326 1277 523 1358 discordiis
550 1298 857 1394 corrumperetur
893 1283 1037 1383 Neque

210 1377 330 1471 multo
345 1411 428 1496 post
441 1399 627 1510 cognoscit
637 1399 856 1476 Diomedes
846 1428 884 1473 ιιι
893 1397 1037 1474 AEtolia

211 1515 260 1588 ab
268 1510 328 1590 his
340 1515 405 1619 qui
420 1543 487 1618 per
497 1518 789 1620 absentiamejus
800 1543 957 1621 regnum
971 1515 1033 1593 in-

209 1634 408 1733 restabant,
418 1639 593 1716 Oeneum
606 1635 1028 1716 multimodisafflictari:

209 1749 264 1828 ob'
282 1755 362 1856 quae
372 1756 559 1856 'profectus
570 1757 617 1832 ad
628 1783 671 1834 ea
682 1756 783 1852 loca,
797 1781 924 1832 omnes
938 1777 1037 1857 quos

210 1889 375 1949 auctores
386 1873 526 1976 injuriae
538 1877 722 1977 repererat
729 1873 1035 1970 ,interficiteme-
1126 1903 1127 1916 ι

110 1993 112 1998 ’
166 2055 168 2058 .
210 1985 324 2092 tuone
337 1993 507 2069 omnihus
516 1995 653 2071 circum
666 1993 754 2069 locis
762 1992 910 2094 injecto,
924 1991 1030 2066 fante

210 2110 258 2183 ab
284 2103 356 2188 suis
380 2129 546 2213 receptus
568 2129 633 2190 est.
662 2112 751 2186 Inde
780 2137 848 2211 per
876 2136 1027 2185 omnem

202 2219 388 2306 'Graeciam
414 2232 513 2305 fama
529 2247 628 2327 orta,
646 2241 729 2305 suo's
748 2229 900 2332 quisque
926 2251 1029 2332 reges

210 2347 418 2449 accipiunt.
432 2366 616 2423 summam
628 2349 667 2422 in
684 2347 739 2421 his
752 2375 814 2449 qur
804 2347 928 2444 apud
938 2349 1032 2420 Tro·

211 2465 289 2566 jarn
305 2466 524 2576 bellaverant
535 2469 726 2560 virtutem,
743 2491 862 2566 neque
875 2464 912 2536 in
925 2464 1031 2538 resis

200 2585 324 2685 νιιιιιάό
337 2587 551 2689 cujusquam
561 2586 654 2660 vires
668 2583 815 2656 idoneas
826 2581 1032 2656 existiman
1126 2631 1127 2634 =

213 2717 278 2777 tes.
293 2706 426 2780 Itanos
444 2730 593 2806 quoqne
611 2727 696 2776 cum
708 2700 906 2773 Idomeneo
920 2725 1031 2800 rege,

212 2824 361 2899 Cretam
378 2822 536 2922 patrium
562 2819 679 2894 solum
705 2843 848 2894 summa
869 2816 1038 2919 gratula-

211 2939 310 3020 tione
326 2938 461 3021 civium
477 2937 731 3050 remeavimus.
784 2959 788 2966 ·
