2294 4034
194 253 277 342 '144
388 271 567 324 oureus
594 272 648 320 nr
674 270 828 320 ruore.

201 384 311 460 servis
323 385 453 488 regiis,
467 385 641 460 foedatum
654 411 695 460 ac
707 383 915 458 dilaniatum
926 379 1015 480 lapi-

197 501 302 578 dibus
315 503 537 604 Polydorum
557 502 665 576 matri
678 501 755 602 ejus
768 499 932 576 Hecubae
950 525 1012 574 re-

195 617 279 692 fert.
294 620 445 698 Interim
467 620 562 720 Ajax
581 616 837 713 Telamonius,
857 614 1010 717 nequid

195 736 360 837 suetum
382 737 543 814 finitimis
564 737 688 838 nojae
708 735 936 840 regionibus,
950 750 1009 808 at..
1128 725 1131 794 t

195 881 266 954 que
292 855 416 936 amicis
445 855 732 956 relinqueretur,
753 852 927 928 hostiliter
947 877 1008 925 ens
1117 848 1132 934 ².

192 970 601 1075 ingressus,Botyram‚
614 970 1022 1074 Cillamque',civitates‘
1130 966 1132 981 ¹

193 1087 324 1164 divitiis
346 1089 506 1186 nobiles,
528 1091 633 1190 capit.
660 1094 792 1192 Neque
814 1103 1012 1164 contentus.
1131 1113 1133 1198 j

148 1224 150 1228 ·
192 1203 271 1298 his,
297 1207 521 1307 Gargarum,
551 1207 721 1282 Arisbam
740 1207 976 1308 ,Gergithan
988 1225 1005 1300 ,'

191 1321 371 1419 Scepsim,
389 1324 591 1419 Larissam,
605 1325 814 1398 admiranda
825 1323 1005 1399 celeritate

192 1439 442 1538 depopulatur.
455 1442 549 1517 Dein
561 1444 688 1519 doctus
700 1443 745 1518 ab
756 1442 901 1537 incolis,
913 1441 1007 1518 mul-

193 1541 493 1661 tacdjuscumque
501 1555 602 1634 modi
610 1560 893 1660 pecorainldaeo
901 1586 1010 1634 mone
1038 1597 1041 1606 ⁴

193 1689 229 1750 te
250 1675 441 1772 stabrdari,
465 1675 739 1776 exposcentibus
763 1677 826 1778 qui
855 1705 940 1752 cum
966 1702 1011 1752 eo

193 1808 295 1868 erant
303 1793 438 1868 cunctis
444 1794 538 1887 ,cito
545 1794 689 1894 agmine
702 1808 868 1874 montem
877 1794 1012 1895 ingres·

192 1937 273 2006 sus,
286 1911 481 1986 interfectis
493 1939 647 2015 gregum
660 1909 890 2006 custodibus,
906 1937 1011 2014 mag-

192 2055 278 2105 nam
291 2029 367 2106 vim
383 2025 558 2128 pecorum
575 2029 731 2106 abducit.
750 2030 897 2106 Deinde
909 2029 1009 2106 nullo

192 2149 359 2224 omnium
369 2151 594 2244 adversante,
609 2150 824 2251 cunctisque
835 2151 1009 2253 pergebat

192 2269 231 2342 in
250 2268 377 2370 fugam
398 2269 526 2363 versis,
544 2269 607 2343 ubi
627 2285 772 2368 tempus
792 2269 910 2346 visum
928 2283 1009 2370 est,

193 2411 277 2472 cum
290 2407 422 2492 magna
434 2386 557 2490 praeda
569 2387 707 2466 adsuos
720 2386 907 2469 convertit.

360 2688 566 2759 CAPUT
600 2687 836 2762 XXVIII.

193 2903 196 2910 .
242 2836 321 2912 Pru
338 2836 436 2910 idem
454 2851 599 2936 tempus
622 2837 798 2940 Chryses,
813 2863 924 2939 quem
947 2863 1006 2912 sa-
1138 2853 1139 2860 ’

194 2953 379 3030 cerdotem
391 2952 559 3030 Sminthii
572 2955 751 3058 Apollinis
762 2980 870 3055 supra
882 2957 1008 3032 docui-

193 3071 677 3172 mus,c0gnit0{iliamsuam
686 3077 1007 3175 Astynomencum

194 3188 473 3288 Agamemnone
502 3189 664 3294 degere,
693 3191 806 3266 fretus
833 3191 1007 3294 religione

195 3304 286 3398 tanti
299 3303 476 3406 numinis,
491 3308 537 3386 ad
557 3337 662 3390 nares
678 3309 795 3406 venit,
812 3309 1009 3410 preferens
