<?xml version="1.0" encoding="UTF-8"?>
<!DOCTYPE html PUBLIC "-//W3C//DTD XHTML 1.0 Transitional//EN"
    "http://www.w3.org/TR/xhtml1/DTD/xhtml1-transitional.dtd">
<html xmlns="http://www.w3.org/1999/xhtml" xml:lang="en" lang="en">
 <head>
  <title>
</title>
<meta http-equiv="Content-Type" content="text/html;charset=utf-8" />
  <meta name='ocr-system' content='tesseract 3.04.00' />
  <meta name='ocr-capabilities' content='ocr_page ocr_carea ocr_par ocr_line ocrx_word'/>
</head>
<body>
  <div class='ocr_page' id='page_1' title='image "./histoiredelague01cailgoog_0122.png"; bbox 0 0 2302 4026; ppageno 0'>
   <div class='ocr_carea' id='block_1_1' title="bbox 308 261 936 374">
    <p class='ocr_par' dir='ltr' id='par_1_1' title="bbox 308 261 936 374">
     <span class='ocr_line' id='line_1_1' title="bbox 308 261 936 374; baseline -0.006 -24"><span class='ocrx_word' id='word_1_1' title='bbox 308 261 749 350; x_wconf 72' lang='lat' dir='ltr'><strong>trvnr&#39;sncou&#39;n.</strong></span> <span class='ocrx_word' id='word_1_2' title='bbox 892 293 936 374; x_wconf 79' lang='lat'><strong>9¹</strong></span> 
     </span>
    </p>
   </div>
   <div class='ocr_carea' id='block_1_2' title="bbox 15 393 999 3462">
    <p class='ocr_par' dir='ltr' id='par_1_2' title="bbox 15 393 999 3462">
     <span class='ocr_line' id='line_1_2' title="bbox 112 393 947 512; baseline 0.004 -27"><span class='ocrx_word' id='word_1_3' title='bbox 112 405 163 498; x_wconf 79' lang='lat' dir='ltr'><strong>oh</strong></span> <span class='ocrx_word' id='word_1_4' title='bbox 175 409 299 487; x_wconf 86' lang='lat' dir='ltr'><strong>scelus</strong></span> <span class='ocrx_word' id='word_1_5' title='bbox 311 413 440 491; x_wconf 79' lang='lat' dir='ltr'><strong>violni</strong></span> <span class='ocrx_word' id='word_1_6' title='bbox 452 393 656 500; x_wconf 83' lang='lat' dir='ltr'><strong>communis</strong></span> <span class='ocrx_word' id='word_1_7' title='bbox 668 411 836 512; x_wconf 85' lang='lat' dir='ltr'><strong>hospitii,</strong></span> <span class='ocrx_word' id='word_1_8' title='bbox 847 412 947 490; x_wconf 84' lang='lat' dir='ltr'><strong>Grae·</strong></span> 
     </span>
     <span class='ocr_line' id='line_1_3' title="bbox 113 528 997 634; baseline 0 -30"><span class='ocrx_word' id='word_1_9' title='bbox 113 528 161 604; x_wconf 89' lang='lat' dir='ltr'><strong>cis</strong></span> <span class='ocrx_word' id='word_1_10' title='bbox 176 531 281 606; x_wconf 88' lang='lat' dir='ltr'><strong>ultro</strong></span> <span class='ocrx_word' id='word_1_11' title='bbox 300 532 400 606; x_wconf 80' lang='lat' dir='ltr'><strong>ferre</strong></span> <span class='ocrx_word' id='word_1_12' title='bbox 414 531 613 626; x_wconf 84' lang='lat' dir='ltr'><strong>auxilium,</strong></span> <span class='ocrx_word' id='word_1_13' title='bbox 631 531 669 604; x_wconf 86' lang='lat' dir='ltr'><strong>in</strong></span> <span class='ocrx_word' id='word_1_14' title='bbox 688 557 851 633; x_wconf 80' lang='lat' dir='ltr'><strong>quorum</strong></span> <span class='ocrx_word' id='word_1_15' title='bbox 864 557 948 634; x_wconf 68' lang='lat' dir='ltr'><strong>gra«</strong></span> <span class='ocrx_word' id='word_1_16' title='bbox 995 541 997 544; x_wconf 80' lang='grc'><strong>’</strong></span> 
     </span>
     <span class='ocr_line' id='line_1_4' title="bbox 116 648 948 750; baseline 0.005 -30"><span class='ocrx_word' id='word_1_17' title='bbox 116 648 231 743; x_wconf 87' lang='lat' dir='ltr'><strong>tiam,</strong></span> <span class='ocrx_word' id='word_1_18' title='bbox 256 649 377 750; x_wconf 86' lang='lat' dir='ltr'><strong>ipsius</strong></span> <span class='ocrx_word' id='word_1_19' title='bbox 389 649 505 726; x_wconf 49' lang='lat' dir='ltr'><strong>‘etiam</strong></span> <span class='ocrx_word' id='word_1_20' title='bbox 524 649 692 726; x_wconf 86' lang='lat' dir='ltr'><strong>Herculis</strong></span> <span class='ocrx_word' id='word_1_21' title='bbox 719 649 877 748; x_wconf 85' lang='lat' dir='ltr'><strong>plurima</strong></span> <span class='ocrx_word' id='word_1_22' title='bbox 896 650 948 724; x_wconf 80' lang='lat' dir='ltr'><strong>la-</strong></span> 
     </span>
     <span class='ocr_line' id='line_1_5' title="bbox 113 750 965 866; baseline 0.002 -26"><span class='ocrx_word' id='word_1_23' title='bbox 113 763 253 844; x_wconf 85' lang='lat' dir='ltr'><strong>borum</strong></span> <span class='ocrx_word' id='word_1_24' title='bbox 272 785 516 844; x_wconf 80' lang='lat' dir='ltr'><strong>monumenta</strong></span> <span class='ocrx_word' id='word_1_25' title='bbox 535 795 603 866; x_wconf 86' lang='lat' dir='ltr'><strong>per</strong></span> <span class='ocrx_word' id='word_1_26' title='bbox 625 785 742 845; x_wconf 83' lang='lat' dir='ltr'><strong>totam</strong></span> <span class='ocrx_word' id='word_1_27' title='bbox 767 769 945 844; x_wconf 69' lang='lat' dir='ltr'><strong>Graeciam</strong></span> <span class='ocrx_word' id='word_1_28' title='bbox 961 750 965 757; x_wconf 43' lang='grc'>’</span> 
     </span>
     <span class='ocr_line' id='line_1_6' title="bbox 115 883 947 984; baseline 0.005 -26"><span class='ocrx_word' id='word_1_29' title='bbox 115 883 329 960; x_wconf 78' lang='lat' dir='ltr'><strong>existerent.</strong></span> <span class='ocrx_word' id='word_1_30' title='bbox 356 887 418 960; x_wconf 86' lang='lat' dir='ltr'><strong>Ad</strong></span> <span class='ocrx_word' id='word_1_31' title='bbox 442 914 484 961; x_wconf 85' lang='lat' dir='ltr'><strong>ea</strong></span> <span class='ocrx_word' id='word_1_32' title='bbox 501 887 706 984; x_wconf 80' lang='lat' dir='ltr'><strong>Telephus,</strong></span> <span class='ocrx_word' id='word_1_33' title='bbox 730 885 797 962; x_wconf 86' lang='lat' dir='ltr'><strong>etsi</strong></span> <span class='ocrx_word' id='word_1_34' title='bbox 820 887 947 962; x_wconf 84' lang='lat' dir='ltr'><strong>dolore·</strong></span> 
     </span>
     <span class='ocr_line' id='line_1_7' title="bbox 114 999 999 1106; baseline 0.001 -28"><span class='ocrx_word' id='word_1_35' title='bbox 114 1001 283 1078; x_wconf 85' lang='lat' dir='ltr'><strong>vulneris</strong></span> <span class='ocrx_word' id='word_1_36' title='bbox 303 999 501 1078; x_wconf 87' lang='lat' dir='ltr'><strong>immodice</strong></span> <span class='ocrx_word' id='word_1_37' title='bbox 518 1002 773 1096; x_wconf 79' lang='lat' dir='ltr'><strong>afflictabatur,</strong></span> <span class='ocrx_word' id='word_1_38' title='bbox 789 1003 950 1106; x_wconf 83' lang='lat' dir='ltr'><strong>henigne</strong></span> <span class='ocrx_word' id='word_1_39' title='bbox 995 1051 999 1062; x_wconf 93' lang='lat'>·</span> 
     </span>
     <span class='ocr_line' id='line_1_8' title="bbox 114 1115 950 1220; baseline 0.001 -27"><span class='ocrx_word' id='word_1_40' title='bbox 114 1133 248 1196; x_wconf 69' lang='lat' dir='ltr'><strong>tarum</strong></span> <span class='ocrx_word' id='word_1_41' title='bbox 276 1115 531 1219; x_wconf 85' lang='lat' dir='ltr'><strong>respondens,</strong></span> <span class='ocrx_word' id='word_1_42' title='bbox 555 1122 719 1220; x_wconf 70' lang='lat' dir='ltr'><strong>ipsorum</strong></span> <span class='ocrx_word' id='word_1_43' title='bbox 748 1122 869 1220; x_wconf 91' lang='lat' dir='ltr'><strong>potius</strong></span> <span class='ocrx_word' id='word_1_44' title='bbox 897 1121 950 1194; x_wconf 86' lang='lat' dir='ltr'><strong>ait</strong></span> 
     </span>
     <span class='ocr_line' id='line_1_9' title="bbox 119 1229 950 1340; baseline -0.002 -26"><span class='ocrx_word' id='word_1_45' title='bbox 119 1229 231 1334; x_wconf 73' lang='lat' dir='ltr'><strong>oilpa</strong></span> <span class='ocrx_word' id='word_1_46' title='bbox 243 1237 389 1311; x_wconf 81' lang='lat' dir='ltr'><strong>factum</strong></span> <span class='ocrx_word' id='word_1_47' title='bbox 395 1293 409 1331; x_wconf 92' lang='lat'><em>‚</em></span> <span class='ocrx_word' id='word_1_48' title='bbox 422 1238 521 1338; x_wconf 89' lang='lat' dir='ltr'><strong>quod</strong></span> <span class='ocrx_word' id='word_1_49' title='bbox 535 1237 791 1334; x_wconf 79' lang='lat' dir='ltr'><strong>amicissimos,</strong></span> <span class='ocrx_word' id='word_1_50' title='bbox 800 1254 836 1316; x_wconf 89' lang='lat' dir='ltr'><strong>et</strong></span> <span class='ocrx_word' id='word_1_51' title='bbox 848 1237 950 1340; x_wconf 85' lang='lat' dir='ltr'><strong>junc-</strong></span> 
     </span>
     <span class='ocr_line' id='line_1_10' title="bbox 119 1354 952 1460; baseline 0.001 -31"><span class='ocrx_word' id='word_1_52' title='bbox 119 1369 177 1438; x_wconf 83' lang='lat' dir='ltr'><strong>tos</strong></span> <span class='ocrx_word' id='word_1_53' title='bbox 194 1355 269 1429; x_wconf 86' lang='lat' dir='ltr'><strong>sibi</strong></span> <span class='ocrx_word' id='word_1_54' title='bbox 284 1354 448 1459; x_wconf 82' lang='lat' dir='ltr'><strong>generis,</strong></span> <span class='ocrx_word' id='word_1_55' title='bbox 465 1355 660 1450; x_wconf 85' lang='lat' dir='ltr'><strong>affinitate,</strong></span> <span class='ocrx_word' id='word_1_56' title='bbox 677 1383 792 1460; x_wconf 84' lang='lat' dir='ltr'><strong>regno</strong></span> <span class='ocrx_word' id='word_1_57' title='bbox 803 1361 873 1432; x_wconf 84' lang='lat' dir='ltr'><strong>¹suo</strong></span> <span class='ocrx_word' id='word_1_58' title='bbox 887 1385 952 1456; x_wconf 83' lang='lat' dir='ltr'><strong>ap-</strong></span> 
     </span>
     <span class='ocr_line' id='line_1_11' title="bbox 120 1474 986 1578; baseline 0.002 -30"><span class='ocrx_word' id='word_1_59' title='bbox 120 1474 250 1575; x_wconf 77' lang='lat' dir='ltr'><strong>pulsos</strong></span> <span class='ocrx_word' id='word_1_60' title='bbox 266 1475 487 1578; x_wconf 78' lang='lat' dir='ltr'><strong>ignoraverit</strong></span> <span class='ocrx_word' id='word_1_61' title='bbox 503 1505 512 1547; x_wconf 91' lang='lat'><strong>:</strong></span> <span class='ocrx_word' id='word_1_62' title='bbox 531 1475 807 1573; x_wconf 75' lang='lat' dir='ltr'><strong>praemittend‘os,</strong></span> <span class='ocrx_word' id='word_1_63' title='bbox 815 1475 953 1552; x_wconf 83' lang='lat' dir='ltr'><strong>etenim</strong></span> <span class='ocrx_word' id='word_1_64' title='bbox 984 1569 986 1574; x_wconf 64' lang='lat'>,</span> 
     </span>
     <span class='ocr_line' id='line_1_12' title="bbox 122 1590 954 1699; baseline 0 -33"><span class='ocrx_word' id='word_1_65' title='bbox 122 1590 264 1687; x_wconf 78' lang='lat' dir='ltr'><strong>fuisse,</strong></span> <span class='ocrx_word' id='word_1_66' title='bbox 285 1615 352 1692; x_wconf 85' lang='lat' dir='ltr'><strong>per</strong></span> <span class='ocrx_word' id='word_1_67' title='bbox 367 1620 459 1696; x_wconf 87' lang='lat' dir='ltr'><strong>quos</strong></span> <span class='ocrx_word' id='word_1_68' title='bbox 475 1592 625 1696; x_wconf 85' lang='lat' dir='ltr'><strong>cognito</strong></span> <span class='ocrx_word' id='word_1_69' title='bbox 642 1617 772 1669; x_wconf 83' lang='lat' dir='ltr'><strong>eorum</strong></span> <span class='ocrx_word' id='word_1_70' title='bbox 792 1593 954 1699; x_wconf 78' lang='lat' dir='ltr'><strong>adventu</strong></span> 
     </span>
     <span class='ocr_line' id='line_1_13' title="bbox 124 1710 954 1818; baseline 0.001 -32"><span class='ocrx_word' id='word_1_71' title='bbox 124 1710 277 1800; x_wconf 63' lang='lat' dir='ltr'><strong>obviam</strong></span> <span class='ocrx_word' id='word_1_72' title='bbox 290 1711 344 1788; x_wconf 86' lang='lat' dir='ltr'><strong>ire</strong></span> <span class='ocrx_word' id='word_1_73' title='bbox 357 1713 599 1818; x_wconf 75' lang='lat' dir='ltr'><strong>gratulmtem</strong></span> <span class='ocrx_word' id='word_1_74' title='bbox 612 1711 815 1810; x_wconf 83' lang='lat' dir='ltr'><strong>oportuerit</strong></span> <span class='ocrx_word' id='word_1_75' title='bbox 819 1741 831 1804; x_wconf 67' lang='grc' dir='ltr'><strong><em>ς</em></strong></span> <span class='ocrx_word' id='word_1_76' title='bbox 843 1728 954 1814; x_wconf 75' lang='lat' dir='ltr'><strong>atque</strong></span> 
     </span>
     <span class='ocr_line' id='line_1_14' title="bbox 127 1829 959 1932; baseline 0.004 -26"><span class='ocrx_word' id='word_1_77' title='bbox 127 1829 247 1918; x_wconf 82' lang='lat' dir='ltr'><strong>amice</strong></span> <span class='ocrx_word' id='word_1_78' title='bbox 257 1831 416 1932; x_wconf 85' lang='lat' dir='ltr'><strong>hospitio</strong></span> <span class='ocrx_word' id='word_1_79' title='bbox 429 1847 614 1926; x_wconf 85' lang='lat' dir='ltr'><strong>receptos,</strong></span> <span class='ocrx_word' id='word_1_80' title='bbox 627 1829 852 1930; x_wconf 79' lang='lat' dir='ltr'><strong>donatusque</strong></span> <span class='ocrx_word' id='word_1_81' title='bbox 870 1857 959 1909; x_wconf 66' lang='lat' dir='ltr'><strong>mu*</strong></span> 
     </span>
     <span class='ocr_line' id='line_1_15' title="bbox 128 1944 956 2047; baseline 0.002 -23"><span class='ocrx_word' id='word_1_82' title='bbox 128 1947 306 2040; x_wconf 77' lang='lat' dir='ltr'><strong>neribus,</strong></span> <span class='ocrx_word' id='word_1_83' title='bbox 320 1971 437 2047; x_wconf 82' lang='lat' dir='ltr'><strong>quum</strong></span> <span class='ocrx_word' id='word_1_84' title='bbox 457 1944 700 2024; x_wconf 75' lang='lat' dir='ltr'><strong>commodum</strong></span> <span class='ocrx_word' id='word_1_85' title='bbox 713 1945 798 2044; x_wconf 84' lang='lat' dir='ltr'><strong>ipsis</strong></span> <span class='ocrx_word' id='word_1_86' title='bbox 814 1945 956 2026; x_wconf 77' lang='lat' dir='ltr'><strong>uidere·</strong></span> 
     </span>
     <span class='ocr_line' id='line_1_16' title="bbox 131 2059 955 2158; baseline 0.002 -18"><span class='ocrx_word' id='word_1_87' title='bbox 131 2079 216 2158; x_wconf 86' lang='lat' dir='ltr'><strong>tur,</strong></span> <span class='ocrx_word' id='word_1_88' title='bbox 232 2063 433 2142; x_wconf 87' lang='lat' dir='ltr'><strong>remittere.</strong></span> <span class='ocrx_word' id='word_1_89' title='bbox 457 2065 638 2141; x_wconf 72' lang='lat' dir='ltr'><strong>Caeterum</strong></span> <span class='ocrx_word' id='word_1_90' title='bbox 658 2059 829 2140; x_wconf 81' lang='lat' dir='ltr'><strong>militiam</strong></span> <span class='ocrx_word' id='word_1_91' title='bbox 850 2065 955 2142; x_wconf 77' lang='lat' dir='ltr'><strong>Pria·-</strong></span> 
     </span>
     <span class='ocr_line' id='line_1_17' title="bbox 132 2181 953 2284; baseline -0.006 -22"><span class='ocrx_word' id='word_1_92' title='bbox 132 2209 239 2262; x_wconf 81' lang='lat' dir='ltr'><strong>mum</strong></span> <span class='ocrx_word' id='word_1_93' title='bbox 273 2181 466 2258; x_wconf 81' lang='lat' dir='ltr'><strong>adversum</strong></span> <span class='ocrx_word' id='word_1_94' title='bbox 496 2206 662 2257; x_wconf 81' lang='lat' dir='ltr'><strong>recusare</strong></span> <span class='ocrx_word' id='word_1_95' title='bbox 695 2211 704 2253; x_wconf 90' lang='lat'>:</span> <span class='ocrx_word' id='word_1_96' title='bbox 740 2183 953 2284; x_wconf 76' lang='lat' dir='ltr'><strong>Astyochea</strong></span> 
     </span>
     <span class='ocr_line' id='line_1_18' title="bbox 133 2296 958 2399; baseline 0.002 -27"><span class='ocrx_word' id='word_1_97' title='bbox 133 2299 232 2390; x_wconf 70' lang='lat' dir='ltr'><strong>enim</strong></span> <span class='ocrx_word' id='word_1_98' title='bbox 249 2296 414 2392; x_wconf 85' lang='lat' dir='ltr'><strong>Priami,</strong></span> <span class='ocrx_word' id='word_1_99' title='bbox 432 2297 499 2374; x_wconf 85' lang='lat' dir='ltr'><strong>sibi</strong></span> <span class='ocrx_word' id='word_1_100' title='bbox 520 2297 755 2372; x_wconf 87' lang='lat' dir='ltr'><strong>matrimonio</strong></span> <span class='ocrx_word' id='word_1_101' title='bbox 772 2299 958 2399; x_wconf 83' lang='lat' dir='ltr'><strong>junctam,</strong></span> 
     </span>
     <span class='ocr_line' id='line_1_19' title="bbox 134 2415 956 2518; baseline 0 -26"><span class='ocrx_word' id='word_1_102' title='bbox 134 2443 178 2492; x_wconf 87' lang='lat' dir='ltr'><strong>ex</strong></span> <span class='ocrx_word' id='word_1_103' title='bbox 190 2445 263 2518; x_wconf 76' lang='lat' dir='ltr'><strong>que</strong></span> <span class='ocrx_word' id='word_1_104' title='bbox 285 2415 493 2518; x_wconf 76' lang='lat' dir='ltr'><strong>Eurypylus</strong></span> <span class='ocrx_word' id='word_1_105' title='bbox 513 2415 655 2518; x_wconf 84' lang='lat' dir='ltr'><strong>genitus</strong></span> <span class='ocrx_word' id='word_1_106' title='bbox 673 2471 687 2510; x_wconf 87' lang='lat'><strong><em>,</em></strong></span> <span class='ocrx_word' id='word_1_107' title='bbox 713 2417 956 2492; x_wconf 75' lang='lat' dir='ltr'><strong>arctissimum</strong></span> 
     </span>
     <span class='ocr_line' id='line_1_20' title="bbox 134 2532 960 2642; baseline 0.002 -34"><span class='ocrx_word' id='word_1_108' title='bbox 134 2533 314 2622; x_wconf 67' lang='lat' dir='ltr'><strong>affinitatis</strong></span> <span class='ocrx_word' id='word_1_109' title='bbox 332 2533 465 2634; x_wconf 86' lang='lat' dir='ltr'><strong>pignus</strong></span> <span class='ocrx_word' id='word_1_110' title='bbox 483 2532 733 2609; x_wconf 85' lang='lat' dir='ltr'><strong>intercederet.</strong></span> <span class='ocrx_word' id='word_1_111' title='bbox 749 2535 850 2642; x_wconf 24' lang='lat' dir='ltr'><strong>[Dein</strong></span> <span class='ocrx_word' id='word_1_112' title='bbox 874 2563 960 2634; x_wconf 90' lang='lat' dir='ltr'><strong>pro·</strong></span> 
     </span>
     <span class='ocr_line' id='line_1_21' title="bbox 15 2639 957 2754; baseline -0.005 -26"><span class='ocrx_word' id='word_1_113' title='bbox 15 2703 16 2706; x_wconf 59' lang='lat'><em>=</em></span> <span class='ocrx_word' id='word_1_114' title='bbox 135 2679 222 2754; x_wconf 88' lang='lat' dir='ltr'><strong>pere</strong></span> <span class='ocrx_word' id='word_1_115' title='bbox 245 2651 483 2752; x_wconf 81' lang='lat' dir='ltr'><strong>populatibus</strong></span> <span class='ocrx_word' id='word_1_116' title='bbox 496 2654 549 2725; x_wconf 84' lang='lat' dir='ltr'><strong>uti</strong></span> <span class='ocrx_word' id='word_1_117' title='bbox 567 2653 613 2726; x_wconf 88' lang='lat' dir='ltr'><strong>ab</strong></span> <span class='ocrx_word' id='word_1_118' title='bbox 629 2651 789 2752; x_wconf 83' lang='lat' dir='ltr'><strong>incoepto</strong></span> <span class='ocrx_word' id='word_1_119' title='bbox 806 2639 957 2730; x_wconf 48' lang='lat' dir='ltr'><strong>desiste*</strong></span> 
     </span>
     <span class='ocr_line' id='line_1_22' title="bbox 135 2768 958 2870; baseline 0.004 -27"><span class='ocrx_word' id='word_1_120' title='bbox 135 2785 240 2863; x_wconf 84' lang='lat' dir='ltr'><strong>rent,</strong></span> <span class='ocrx_word' id='word_1_121' title='bbox 267 2768 432 2844; x_wconf 83' lang='lat' dir='ltr'><strong>nunciari</strong></span> <span class='ocrx_word' id='word_1_122' title='bbox 455 2769 560 2867; x_wconf 79' lang='lat' dir='ltr'><strong>jubet</strong></span> <span class='ocrx_word' id='word_1_123' title='bbox 583 2799 592 2840; x_wconf 92' lang='lat'><strong>:</strong></span> <span class='ocrx_word' id='word_1_124' title='bbox 615 2783 724 2870; x_wconf 86' lang='lat' dir='ltr'><strong>atque</strong></span> <span class='ocrx_word' id='word_1_125' title='bbox 750 2771 799 2844; x_wconf 87' lang='lat' dir='ltr'><strong>ita</strong></span> <span class='ocrx_word' id='word_1_126' title='bbox 824 2769 958 2846; x_wconf 82' lang='lat' dir='ltr'><strong>nostris</strong></span> 
     </span>
     <span class='ocr_line' id='line_1_23' title="bbox 134 2883 958 2988; baseline 0.002 -28"><span class='ocrx_word' id='word_1_127' title='bbox 134 2883 287 2960; x_wconf 82' lang='lat' dir='ltr'><strong>liberem</strong></span> <span class='ocrx_word' id='word_1_128' title='bbox 318 2885 527 2988; x_wconf 83' lang='lat' dir='ltr'><strong>egrediendi</strong></span> <span class='ocrx_word' id='word_1_129' title='bbox 560 2885 710 2961; x_wconf 80' lang='lat' dir='ltr'><strong>navibus</strong></span> <span class='ocrx_word' id='word_1_130' title='bbox 740 2903 958 2984; x_wconf 82' lang='lat' dir='ltr'><strong>potestatem</strong></span> 
     </span>
     <span class='ocr_line' id='line_1_24' title="bbox 135 3001 959 3104; baseline 0.005 -26"><span class='ocrx_word' id='word_1_131' title='bbox 135 3002 329 3102; x_wconf 85' lang='lat' dir='ltr'><strong>permittit.</strong></span> <span class='ocrx_word' id='word_1_132' title='bbox 356 3001 617 3102; x_wconf 81' lang='lat' dir='ltr'><strong>Tlepolemus,</strong></span> <span class='ocrx_word' id='word_1_133' title='bbox 642 3019 680 3078; x_wconf 89' lang='lat' dir='ltr'><strong>et</strong></span> <span class='ocrx_word' id='word_1_134' title='bbox 706 3003 770 3104; x_wconf 83' lang='lat' dir='ltr'><strong>qui</strong></span> <span class='ocrx_word' id='word_1_135' title='bbox 796 3021 881 3078; x_wconf 81' lang='lat' dir='ltr'><strong>eum</strong></span> <span class='ocrx_word' id='word_1_136' title='bbox 912 3031 959 3082; x_wconf 85' lang='lat' dir='ltr'><strong>co</strong></span> 
     </span>
     <span class='ocr_line' id='line_1_25' title="bbox 136 3120 958 3224; baseline -0.001 -24"><span class='ocrx_word' id='word_1_137' title='bbox 136 3120 958 3224; x_wconf 83' lang='lat' dir='ltr'><strong>venerant‚Eurypylotraduntur:hique,per-</strong></span> 
     </span>
     <span class='ocr_line' id='line_1_26' title="bbox 136 3238 955 3344; baseline 0.002 -30"><span class='ocrx_word' id='word_1_138' title='bbox 136 3239 240 3328; x_wconf 73' lang='lat' dir='ltr'><strong>tectis</strong></span> <span class='ocrx_word' id='word_1_139' title='bbox 259 3251 341 3340; x_wconf 68' lang='lat' dir='ltr'><strong>qttte</strong></span> <span class='ocrx_word' id='word_1_140' title='bbox 361 3238 572 3340; x_wconf 76' lang='lat' dir='ltr'><strong>cupierant,</strong></span> <span class='ocrx_word' id='word_1_141' title='bbox 590 3239 636 3314; x_wconf 79' lang='lat' dir='ltr'><strong>nd</strong></span> <span class='ocrx_word' id='word_1_142' title='bbox 652 3265 760 3316; x_wconf 86' lang='lat' dir='ltr'><strong>naves</strong></span> <span class='ocrx_word' id='word_1_143' title='bbox 776 3259 955 3344; x_wconf 83' lang='lat' dir='ltr'><strong>pergunt,</strong></span> 
     </span>
     <span class='ocr_line' id='line_1_27' title="bbox 136 3355 961 3462; baseline 0 -26"><span class='ocrx_word' id='word_1_144' title='bbox 136 3357 348 3446; x_wconf 53' lang='lat' dir='ltr'><strong>reficientes</strong></span> <span class='ocrx_word' id='word_1_145' title='bbox 368 3355 645 3462; x_wconf 74' lang='lat' dir='ltr'><strong>Agamemnoni</strong></span> <span class='ocrx_word' id='word_1_146' title='bbox 665 3387 714 3436; x_wconf 80' lang='lat' dir='ltr'><strong>ac</strong></span> <span class='ocrx_word' id='word_1_147' title='bbox 727 3359 874 3461; x_wconf 80' lang='lat' dir='ltr'><strong>reliquis</strong></span> <span class='ocrx_word' id='word_1_148' title='bbox 898 3387 961 3436; x_wconf 79' lang='lat' dir='ltr'><strong>re·</strong></span> 
     </span>
    </p>
   </div>
   <div class='ocr_carea' id='block_1_3' title="bbox 0 0 1172 4026">
    <p class='ocr_par' dir='ltr' id='par_1_3' title="bbox 0 0 1172 4026">
     <span class='ocr_line' id='line_1_28' title="bbox 0 0 1172 4026; baseline 0 0"><span class='ocrx_word' id='word_1_149' title='bbox 0 0 1172 4026; x_wconf 95' lang='lat' dir='ltr'><strong> </strong></span> 
     </span>
    </p>
   </div>
  </div>
 </body>
</html>
