2298 4026
320 285 464 338 ntvnn
492 263 773 351 crrourimrr.
910 263 959 363 37

140 397 310 478 emnium
332 425 397 474 ore
422 399 634 502 agitabatur.
658 405 838 480 Caeterum
862 399 961 500 apud

142 517 297 618 Troiam
328 515 407 590 auri
441 532 550 619 atque
581 520 721 621 argenti
747 517 965 619 praedictum

50 714 52 719 ,
143 636 308 736 pondus,
335 661 401 734 per
425 637 651 713 Antenorem
674 648 791 740 atque>
806 631 962 711 AEueam

122 777 293 828 -summo
314 753 433 829 studio
453 754 492 828 in
514 755 628 830 aedem
650 757 825 834 Minervae
841 769 964 856 porta·

146 872 265 948 batur.
278 875 326 947 Et
338 873 454 949 Graeci·
461 931 473 968 ,
491 891 684 976 postquam
698 875 827 949 auxilia
845 872 964 976 socio-

146 1019 230 1066 rum
258 990 404 1066 dimissa
436 979 624 1094 cognitum
656 1009 734 1086 est,
767 989 978 1092 impensius¹
1020 1033 1023 1042 -

147 1114 275 1218 pacem
295 1113 402 1212 atque
422 1110 620 1186 amicitiam
643 1111 845 1214 agitavere,
865 1107 965 1182 nullo

149 1228 277 1304 exinde
303 1229 547 1304 Barbarorum
568 1229 777 1321 interfecto,
801 1242 874 1301 aut¹
888 1225 966 1301 vul-

149 1361 297 1439 ne1·ato;
313 1373 386 1448 quo
398 1347 515 1448 magis
527 1346 603 1422 sine
620 1346 691 1419 ulla
705 1343 966 1421 discordiarum

149 1464 351 1566 suspicione
358 1467 456 1566 apud
470 1467 589 1540 hostes
599 1464 715 1540 fuere.
723 1464 817 1538 Dein
829 1487 967 1565 equum

151 1599 384 1681 compactum
394 1582 542 1674 adfabre
547 1579 881 1681 ,contritumque-ad
890 1605 969 1652 mu-

152 1724 212 1773 ros
220 1698 616 1797 morentpraeurmeiato
624 1684 807 1798 Trojanis,
815 1694 869 1770 uti
882 1719 974 1789 euru¹

135 1813 896 1918 -summareligionesmeiperentfflinervae
906 1812 970 1888 sei-

151 1931 972 2035 licetsaerum,dicatumque.Quaremagnaris

153 2049 346 2123 hominum
362 2049 477 2150 portis
497 2077 640 2153 egressa
648 2107 660 2144 ,
674 2075 817 2124 summa
831 2048 974 2143 laetitia,

153 2165 399 2269 sacrificioque
423 2167 561 2241 donum
585 2167 975 2270 excipit,attrahitque

155 2285 305 2385 propius
323 2285 466 2360 moenia.
487 2285 559 2362 Sed
576 2301 771 2386 postquam
788 2285 976 2389 magnitu-

157 2405 240 2478 dine
254 2404 373 2504 operis
384 2403 553 2502 impediri
564 2429 630 2502 per
642 2419 765 2502 portas
773 2403 979 2507 ingressum

158 2522 446 2598 animadvertere
452 2521 661 2617 ,consilium
674 2521 976 2597 destruendorum

142 2640 315 2740 desuper
335 2665 528 2714 murorum
553 2640 718 2738 capiunt,
749 2667 868 2740 neque
884 2642 979 2741 quis-

162 2785 273 2860 quam
282 2784 383 2834 secus
395 2785 468 2856 prae
482 2757 675 2832 talistudio
688 2757 980 2836 decernebantur

161 2875 372 2950 inviolatum
380 2872 979 2972 multistempestatihusmurorum
1046 2867 1050 2876 ”

164 3023 277 3097 opus,
295 2990 551 3096 Neptunique,
574 3010 615 3068 ut
635 2994 913 3092 perhibebatur,
927 3012 982 3070 at-

94 3102 96 3108 ’
164 3141 235 3216 que
251 3111 430 3214 Apollinis
442 3111 981 3212 maxima-monumentamusso

164 3232 297 3308 dilectu
309 3229 446 3317 civium.
457 3228 624 3304 'trionibus
642 3227 895 3305 dissolvuntur.
910 3231 982 3307 sed

164 3365 358 3452 postquam
374 3348 494 3450 major
510 3351 597 3448 pars
617 3347 737 3449 operis
752 3347 890 3450 dejecta
909 3365 961 3426 est
969 3403 988 3445 ,
