2298 4026
7 1469 9 1496 l

7 1521 9 1540 ι

7 1543 9 1564 Ι

181 307 230 400 54
366 333 544 382 cornu
572 333 626 380 nr
654 332 818 382 ruore.

180 421 418 518 mernnonem
445 443 595 542 adversa
622 445 848 542 praenunciat
875 471 884 514 ε
911 443 1008 518 insi-

179 561 256 638 dias
281 562 417 664 quippe
442 590 487 638 ex
505 562 649 638 occulto
673 564 882 666 caedemque
897 563 1005 660 domi

180 707 248 781 per
262 706 345 758 suos
363 681 605 781 compositam
622 713 631 754 :
646 698 819 782 praeterea
831 681 1007 760 universo
1072 678 1077 685 ’

145 847 152 852 -
179 799 354 876 exercitui
366 799 630 899 profectionem
640 801 686 875 ad
699 827 782 876 suos
793 802 1006 878 incommo-

181 917 290 1014 dnm,
317 917 582 1024 exitialemque.
608 921 707 997 lnter
732 949 812 1022 quae
832 921 1008 998 Antenor

181 1065 267 1113 eum
283 1037 355 1114 suis
374 1039 519 1117 Graecos
537 1065 661 1134 orere,
680 1040 889 1116 omitterent
906 1039 1006 1134 iras,

181 1173 290 1260 atque
313 1174 467 1261 urgente
486 1158 621 1263 navigii
644 1175 810 1260 tempore
833 1160 872 1234 in
894 1183 1007 1234 com·

180 1275 544 1354 munereonsulerent
560 1279 739 1354 Praeterea
752 1303 880 1354 omnes
892 1277 1008 1354 duces

181 1394 229 1470 ad
250 1419 288 1470 se
307 1394 496 1495 epulatum
513 1395 659 1471 deducit
674 1429 683 1469 :
698 1397 822 1500 ibique
842 1396 1008 1498 singulos

179 1540 295 1616 quam
313 1515 482 1590 maximis
492 1515 600 1606 donis
617 1515 745 1616 replet
761 1521 867 1592 Tunc
887 1515 1007 1592 Graeci

179 1633 308 1711 'AEneae
331 1635 507 1730 student,
534 1633 659 1712 secum
684 1635 739 1710 uti
761 1628 801 1710 in
824 1632 1005 1710 Graeciam

183 1751 343 1854 naviget,
355 1753 406 1827 ibi
419 1779 579 1855 namque
593 1752 758 1828 sisimile
771 1779 855 1828 cum
869 1751 1009 1828 caeteris

184 1870 336 1945 ducibus
356 1871 435 1971 jus,
455 1871 632 1972 regnique
655 1870 826 1946 eamdem
843 1885 1007 1971 potesta-

183 2002 261 2060 tern
286 1987 378 2062 fore.
408 1988 674 2086 Neoptolemus
707 1987 800 2068 filios
832 1987 1008 2064 Hectoris·

132 2159 137 2170 -
184 2103 330 2182 Heleno
350 2105 514 2180 concedit
533 2137 542 2178 ι
559 2109 735 2181 Praeterea
747 2105 876 2208 reliqui
896 2105 1006 2182 duces

88 2303 99 2330 x
185 2224 389 2325 audetque
408 2225 550 2325 argenti
575 2241 753 2326 quantum
780 2226 929 2327 singulis
949 2225 1007 2301 vi-

186 2367 269 2416 sum
283 2357 351 2416 est.
366 2337 461 2416 Dein
480 2341 630 2419 consilio
645 2341 774 2418 habito
787 2343 1007 2438 decernitur,

186 2457 240 2534 uti
252 2485 321 2560 per
335 2459 498 2550 triduum
511 2462 622 2536 funus
634 2461 757 2564 Ajacis
769 2461 914 2560 publice
931 2480 1007 2535 sus-

187 2581 379 2679 ciperetur.
392 2584 519 2683 ltaque
527 2581 658 2655 exactis
667 2579 721 2651 his
730 2579 857 2653 diebus
865 2581 1009 2671 ,cuncti

187 2715 292 2802 reges
310 2718 457 2786 comam
470 2683 614 2775 tumulo
629 2697 706 2796 ejus
719 2695 919 2793 deponunt.
935 2699 1010 2770 At...

189 2815 1008 2921 queexincontumeliisAgamemnonem‚fra-

189 2950 359 3038 tremque
373 2961 499 3038 agere,
514 2959 649 3035 eosque
665 2957 740 3007 non
759 2931 904 3008 Atrides
913 2989 925 3028 ,
944 2933 1007 3010 sed

189 3053 443 3150 Plisthenidas,
456 3069 495 3130 et
511 3055 560 3129 ob
573 3055 612 3128 id
623 3052 801 3158 ignobiles
814 3051 1005 3152 appellare.

189 3174 316 3272 Quare
335 3175 471 3269 coacti,
493 3173 601 3250 simul
616 3157 675 3248 uti
694 3172 822 3248 odium
840 3171 895 3245 sui
913 3173 1009 3272 apud

191 3293 393 3368 exercitum
406 3321 473 3393 per
487 3293 686 3368 absentiam
698 3291 891 3384 leniretur,
906 3305 1010 3364 orant

195 3409 250 3484 uti
263 3410 329 3484 sibi
342 3410 440 3487 abire
454 3439 474 3488 e
486 3427 681 3511 conspectu
695 3435 822 3486 eorum
835 3408 910 3483 sine
919 3435 1011 3485 noxa
