2302 4026
201 252 267 324 108
392 275 565 346 ouanne
592 281 646 326 nr
674 279 824 328 ruore.

196 388 363 484 omnium
385 390 545 488 primam
562 391 676 494 Cycni
693 389 1018 492 regionemiuvae
1085 463 1087 472 ,

194 507 308 602 dunt,
325 525 535 609 vastantque
552 509 688 584 circum
706 509 838 582 omnia.
858 509 928 582 Sed
944 507 1008 582 ubi

194 614 710 734 Mentorensiumcivitatem,
732 614 810 728 quae
825 626 926 728 regni
947 653 1010 700 ca-

191 761 277 842 put,
295 744 526 847 filiorumque
552 745 668 848 Cycni
688 746 808 820 nutrix
822 772 1010 818 memora-

191 863 322 969 batur,
344 866 442 940 nullo
475 865 658 940 resistente
684 866 871 958 invasere,
897 879 1007 963 atque

189 981 313 1084 ignem
329 984 503 1082 subjicere
517 1011 659 1081 coepere
677 1041 688 1077 ,
709 985 803 1058 cives
816 984 894 1082 ejns
909 979 1007 1053 mul-

190 1099 236 1172 tis
250 1087 415 1200 precibus
426 1102 664 1206 lacrymisque
679 1130 781 1177 orare
795 1159 806 1194 ,
823 1100 876 1172 uti
888 1100 933 1172 ab
946 1097 1008 1170 in·

191 1236 312 1318 coepto
340 1221 576 1310 desisterent3
608 1247 673 1317 per
698 1218 820 1293 omnia
848 1221 1013 1306 humana⁸

190 1353 298 1438 atque
307 1337 426 1411 divina
440 1338 512 1410 nixi
526 1337 677 1438 genibus
691 1339 943 1435 deprecantes,
957 1361 1025 1442 ¹¹³,

191 1455 478 1554 delictapessimi
491 1457 590 1530 ducis
602 1455 782 1530 civitatem
799 1453 1005 1547 innoxiam,

190 1591 226 1680 et
242 1575 350 1672 paulo
366 1591 447 1672 post
461 1575 571 1648 fidam
587 1574 653 1648 sibi
668 1575 767 1650 luere
781 1589 1001 1671 paterentur.

190 1696 276 1780 Hoc
293 1694 405 1766 modo
419 1720 485 1790 per
502 1692 771 1769 miserationem
794 1708 931 1768 servata
951 1691 1006 1766 ci-

188 1811 289 1914 vitas.
313 1813 492 1886 Caeterum
518 1811 636 1912 regios
663 1837 795 1908 pueros
822 1808 940 1905 Coliin
969 1823 1006 1882 et

189 1927 387 2004 Corianum
395 1982 408 2020 ,
426 1952 625 2026 eorumque
639 1953 802 2019 sororem
815 1927 975 2002 Glaucen
989 1981 1004 2019 ,

189 2044 437 2143 expetentibus
445 2043 576 2118 Graecis
590 2044 780 2118 tradidere.
790 2047 910 2146 Quam
926 2069 1005 2138 ηοξ·

188 2162 234 2234 tri
257 2164 287 2236 A
292 2161 383 2262 jaci,
403 2163 451 2234 ob
466 2161 573 2234 fortia
591 2162 684 2236 facta
703 2163 734 2262 ej
741 2188 779 2234 us
788 2217 800 2255 ,
815 2177 1003 2259 exceptam

154 2275 156 2282 ’
189 2279 334 2378 reliquae
366 2279 523 2376 praedae,
554 2280 757 2354 habendam
788 2281 1001 2354 concedunt.

189 2400 321 2496 Neque
333 2397 447 2468 multo
458 2413 539 2492 post
552 2401 799 2473 Mentorenses
807 2397 1003 2496 supplices,

189 2531 322 2588 etcum
336 2543 423 2612 pace
439 2514 484 2585 ad
501 2515 644 2587 Graecos
657 2515 894 2608 conveniunt,
908 2517 1005 2588 ami-

189 2632 332 2724 citiam,
351 2647 386 2704 et
405 2630 526 2703 omnia
546 2659 623 2731 quac
638 2630 870 2729 imperassent
884 2635 1003 2708 factu-

187 2767 246 2824 ros
257 2748 415 2847 polliciti.
425 2747 537 2847 Queis
548 2749 734 2848 perfectiS,
748 2751 861 2825 Graeci
872 2751 1000 2826 Cillam

185 2866 343 2968 aggressi
358 2849 620 2965 eitpugnavere.
641 2869 771 2966 Neque
790 2865 911 2940 tamen
925 2871 1001 2966 Co-

187 3010 323 3076 nonen,
345 3011 423 3083 qne
443 2983 538 3084 haud
552 2985 675 3080 procul
691 2985 834 3077 aberat,
857 2987 1002 3060 contin-

187 3115 300 3200 gunt,
313 3099 350 3170 in
364 3099 515 3200 gratiam
533 3101 832 3194 lllaeandriorum,
851 3103 913 3202 qni
931 3104 1014 3190 do·,

186 3214 278 3286 mini
299 3215 448 3289 civitatis
473 3215 570 3316 ejus,
593 3217 713 3290 fideles
730 3234 837 3318 atque
857 3220 1001 3294 amicta.

89 3385 92 3392 ·
187 3329 270 3410 simi
284 3332 389 3406 nohis
401 3335 447 3408 ad
460 3335 529 3410 hoc
547 3350 688 3435 tempus
700 3345 981 3442 permanserant.

1131 3465 1135 3586 l
