2262 4038
207 317 274 390 ¹7⁰
391 314 840 370 ounnnrnnrnorr.'

201 443 282 503 t'um
300 429 338 502 in
356 431 537 506 Graeciam
553 432 713 528 misisse,
727 450 768 508 ut
784 435 821 506 hi
837 433 905 507 sibi
921 434 1024 508 satis·

200 549 362 622 furerent
377 552 477 652 quod
506 567 649 649 patrem
678 579 786 627 suum
810 569 1023 646 necassent,
1112 649 1113 654 Ἰ

200 667 402 744 Hesionam
420 669 699 747 sibi'redderent
715 702 723 743 :
739 670 818 746 iilos
831 687 1024 748 contume-

197 783 286 863 tiore
301 802 470 862 tractasse
484 845 497 880 ,
514 803 552 862 et
568 791 794 864 Antenorem
809 787 897 862 nihil
911 786 1022 861 abeis

198 897 425 1003 impetrasse.
435 909 578 982 Verum
593 907 766 1009 quoniam
780 932 883 984 suam
895 906 1024 982 volun·
1113 1001 1114 1004 Ἴ

201 1027 441 1100 tatemfac'ere
456 1009 652 1102 noluissent
665 1085 677 1120 ,
692 1027 906 1118 viderisibi‚
920 1051 1023 1098 exer·
1113 1055 1114 1122 j

200 1133 315 1220 ritum
326 1141 364 1210 in
374 1141 551 1213 Graeciam
564 1143 732 1235 mittere,
746 1144 810 1244 qui
819 1143 963 1241 praedas
975 1169 1024 1215 ra·
1113 1167 1114 1172 ’

201 1249 305 1356 peret
335 1252 473 1351 abeis,
492 1285 538 1332 ne
566 1259 744 1335 Barbaros
769 1259 885 1337 Graeci
901 1258 1022 1332 irrisui

202 1367 388 1451 haberent.
415 1377 667 1478 Hortatusque
681 1393 734 1452 est
750 1377 915 1454 Priamus
933 1376 1024 1450 linea

201 1519 262 1570 ros
277 1489 361 1566 siros
372 1549 384 1587 ,
404 1509 445 1565 ut
464 1495 572 1592 hujus
597 1493 650 1569 rei
671 1495 851 1595 principes
873 1495 1024 1586 forent,

114 1687 118 1694 ,
202 1610 363 1686 maxime
379 1614 582 1688 Hectorem
603 1612 816 1689 :eratenim
829 1613 950 1711 major
962 1639 1025 1684 na·
1112 1607 1114 1624 ’

202 1744 245 1800 tu
261 1761 269 1801 :
285 1729 349 1830 qni
362 1729 470 1828 erupit
481 1729 625 1823 dicere,
642 1731 735 1806 verte
748 1730 948 1833 sequidem
963 1755 1026 1805 ro-

202 1844 381 1922 hmtatem
398 1851 511 1942 patris
527 1845 700 1946 exsequi,
717 1861 753 1920 et
764 1844 1024 1921 Laomedontis

204 1961 262 2038 avi
277 1961 332 2034 sui
349 1987 478 2035 necem
490 1961 634 2053 ulcisci,
654 1978 691 2037 et
703 1987 952 2064 quascumque
971 1963 1025 2035 iu·

204 2079 315 2181 jurias
338 2077 453 2153 Graeci
476 2077 646 2178 Troianis
677 2077 866 2170 fecissent,
892 2105 938 2151 ne
957 2079 1026 2152 im-

204 2196 376 2298 punitum
392 2195 430 2268 id
443 2193 561 2270 Graiis
588 2195 683 2270 foret
703 2226 712 2266 :
735 2195 798 2270 sed
825 2195 960 2289 vereri,
980 2223 1025 2270 ne
1098 2215 1111 2222 ··

204 2342 281 2396 non
289 2314 462 2412 perficere
475 2328 620 2412 possent
637 2312 737 2414 quod
751 2313 871 2394 conati
883 2331 1023 2406 essent3

205 2432 341 2508 multos
355 2431 537 2532 adjutores
556 2431 704 2509 Greciae
725 2431 887 2525 futuros,
905 2435 1027 2506 Euro-

205 2576 293 2652 pam
312 2548 498 2624 bellicosos
523 2550 689 2630 homines
707 2549 867 2642 habere,
898 2549 1027 2628 Asiam

206 2695 352 2768 semper
363 2665 542 2741 indesidia
554 2665 667 2748 vitam
681 2665 862 2773 exegisse,
876 2682 912 2743 et
924 2667 974 2743 ob
989 2669 1025 2746 id

209 2787 357 2865 classem
371 2798 444 2861 nort
460 2785 603 2864 hebere.
