2286 4024
167 253 240 350 mr
306 265 789 330 *eornmnr‘rromi

158 387 268 494 lisper
280 409 440 466 moratus
451 393 547 491 apud
559 393 803 492 peninsulam,
822 417 901 492 quae
914 415 977 496 nn-
1076 486 1079 490 ¹

158 508 310 610 teposita
333 509 466 587 civitati
490 510 687 586 continenti
709 511 787 610 ejus
807 508 975 611 adjungi·
1090 519 1094 524 “

147 643 235 718 .tur;
250 629 405 704 secunda
416 627 556 704 circiter
565 627 684 730 vigilia
695 617 874 731 ingressus
881 629 976 701 Tro·

157 746 262 847 janos
279 773 443 845 campos,
462 745 706 848 explicitisque
729 745 892 821 tentoriis
907 743 979 818 ibi·
1059 764 1063 770 ·

160 864 245 940 dem
270 866 536 964 opperiebatur.
571 867 681 968 Quod
708 864 768 940 ubi
784 860 980 941 Diomedes

160 1008 245 1057 cum
263 973 414 1084 Ulysse',
432 983 569 1084 vigilias
584 984 619 1058 in
638 1011 679 1060 ea
697 999 797 1082 parte
814 997 980 1058 curantes

160 1098 288 1196 procul
316 1097 621 1199 anirnaqverterQ
649 1098 716 1173 rati
749 1095 935 1202 Troianos⁴
959 1112 1000 1170 a·
1098 1161 1101 1164 .

161 1215 307 1290 Priamo
329 1213 555 1316 exploratum
578 1215 726 1311 missos,
748 1216 898 1315 arreptis
921 1243 980 1289 ar·
1105 1233 1107 1236 ’

161 1332 254 1427 mis,
277 1360 364 1412 mox
378 1361 503 1435 presso
527 1335 642 1440 gradu
653 1334 980 1434 circumspicientes

162 1453 285 1526 omnia
301 1470 459 1556 pergunt
484 1453 530 1530 ad
549 1483 633 1529 eum
652 1453 786 1531 locum.
805 1457 905 1528 Tum
922 1453 981 1527 fa-

162 1571 281 1674 tigatis
298 1600 341 1647 ex
352 1571 479 1647 itinere
486 1560 714 1665 custodihirs,
729 1588 765 1647 et
775 1573 823 1647 ob
836 1570 874 1645 id
881 1598 981 1646 som·

162 1717 212 1764 no
225 1690 377 1789 pressis,
391 1717 543 1794 eosque,
552 1706 609 1786 et,
623 1690 770 1802 interius
783 1689 981 1792 progressi,
993 1773 995 1778 ,
1091 1733 1095 1738 ·

164 1808 202 1883 in
214 1810 299 1908 ipsis
315 1809 477 1884 tentoriis
494 1838 619 1913 regern
638 1809 868 1886 interficiunt.
887 1807 982 1883 Dein
1013 1859 1015 1866 ,
1134 1817 1139 1870 3

71 1985 81 2007 ,
104 1969 106 1975 v
164 1927 253 2002 nihil
271 1927 365 2002 ultra
385 1927 592 2002 audendum
606 1927 694 2023 rati,
713 1955 861 2004 currum
880 1925 981 2026 ejus,

166 2060 202 2134 et
214 2072 298 2120 cum
312 2045 464 2147 egregiis
476 2044 673 2149 insignibus
691 2071 803 2146 equos
817 2044 863 2118 ad
875 2069 983 2120 naves
1062 2073 1066 2080 ·

168 2160 314 2236 ducunt.
338 2166 390 2236 lta
404 2161 586 2264 reliquum
611 2162 725 2238 noctis
742 2161 780 2234 in
797 2161 867 2234 suis
887 2158 1004 2259 quis--

50 2307 52 2312 ’
169 2307 239 2382 quo
283 2281 524 2357 tabernaculis
563 2281 825 2383 requiescentes
863 2273 988 2353 transi·

169 2415 271 2501 gunt.
300 2403 351 2474 At
376 2401 465 2474 lueis
479 2389 664 2500 'principio
694 2398 851 2501 reliquos
878 2397 987 2471 duces

171 2513 407 2607 conveniunt,
421 2542 482 2588 eos
496 2519 634 2584 facinus
647 2535 775 2581 ausum
789 2515 989 2604 expletum·

172 2661 243 2736 que
258 2633 399 2706 docent.
415 2632 470 2706 Ac
492 2654 580 2702 mox
595 2625 663 2700 rati
678 2625 855 2700 Barbaros
865 2622 989 2700 incen-

172 2778 230 2827 sos
248 2751 342 2827 caede
357 2748 451 2851 regis
467 2747 605 2841 affore,
623 2745 750 2847 jubent
767 2769 894 2821 omnes
919 2741 989 2816 fre·

175 2884 324 2971 quentes
339 2865 449 2968 ,apud
475 2893 574 2943 arma
600 2891 728 2968 agere,
758 2857 990 2964 opperirique

176 2990 328 3065 hostem.
388 2981 393 2990 ’
546 2975 550 2984 ’
