2262 4038
224 291 297 342 aro
410 267 585 354 annana
615 298 670 344 nn
697 296 851 346 raom.

207 405 342 480 *terdiu
361 408 456 483 foret
466 446 488 502 ,t
497 408 704 486 Palamedes
724 411 852 486 suadet
874 423 915 484 et
935 406 1057 482 ratio-
1111 467 1112 470 ,

210 535 310 598 rnem
335 526 455 620 addit,
478 525 559 601 luce
586 525 633 600 ad
659 525 814 624 'frojam
838 527 1056 602 exscensio·
1110 491 1112 572 l

208 667 312 714 nem
335 631 413 716 fieri
436 649 635 748 oportere,
651 657 689 716 et
711 667 867 746 manum
850 633 1056 718 bostium

195 758 373 868 ,deduci
380 763 507 860 ltaque
522 783 650 832 omnes
663 757 698 830 ei
716 741 948 834 assentiunt:
965 786 1055 835 con-

199 869 201 875 ’
226 876 320 950 sulto
333 878 652 978 Agamemnonem
661 876 874 974 praeficiunt.
888 881 1055 979 Legatos

211 993 274 1068 *ad
282 994 463 1096 Mysiam,
477 1011 696 1096 caeterosque
708 994 809 1071 locos
819 1011 1002 1089 m1ttunt
1016 1009 1051 1066 ut

228 1111 400 1187 exercitui
428 1129 655 1189 commeatus
684 1111 956 1214 supportandos
975 1140 1053 1186 .cu-

228 1245 332 1320 rent,
363 1230 537 1301 Thesides
560 1231 904 1324 Demophoontem,
934 1227 1052 1300 Atha-

212 1359 415 1446 mantem,
444 1331 482 1418 et
502 1344 656 1420 Anium,
680 1341 820 1420 Deinde
846 1344 1049 1422 exercitum

208 1461 278 1556 ‚ad
303 1455 517 1539 concionem
541 1459 959 1564 convocat5collaudat,
982 1463 1050 1536 im-

212 1591 354 1680 perat,
379 1577 578 1655 hortatur:
607 1595 745 1656 monet.
760 1577 977 1680 diligenter,
1009 1585 1048 1652 dt

120 1779 150 1799 ,-
216 1697 329 1774 dicto
345 1697 580 1773 obaudientes
601 1713 729 1771 essent.
749 1697 860 1796 Signo
876 1697 966 1770 dato
986 1726 1050 1770 na·

19 1887 21 1894 .
122 1821 125 1826 ’
231 1840 293 1892 ves
309 1813 472 1909 solvtmt,
495 1830 571 1890 tota
591 1813 738 1890 classis
727 1843 767 1887 m
780 1813 971 1890 latitudine
988 1844 1046 1890 ac-

216 1933 326 2009 cedit
342 1920 388 2007 ad
409 1935 585 2034 Trojam
569 1987 583 2030 ,
582 1933 719 2007 littora
733 1931 885 2032 Trojani
901 1933 1045 2044 fortiter

232 2043 444 2134 defendunt.
467 2050 712 2136 Protesilaus
701 2079 742 2146 ιιι
751 2053 887 2124 terram
901 2037 1046 2124 exscen-

108 2181 115 2194 “
233 2167 375 2242 sionem
398 2169 491 2244 facit
470 2167 650 2272 t„iugat
661 2135 786 2244 cadi-t
810 2167 881 2242 Cui
909 2169 1046 2244 Hector

157 2295 159 2300 “
218 2285 381 2362 ιιιΙιιίιιιιι
399 2287 515 2384 venit,
531 2284 576 2363 et*
588 2311 674 2362 eum
690 2285 890 2380 interfecit,
905 2303 1043 2376 caeteros

235 2404 459 2501 perturbavit
475 2436 483 2478 :
502 2407 598 2480 unde
614 2407 755 2481 Hector
771 2403 980 2498 recedebat,
999 2403 1045 2478 ibi

222 2518 391 2619 Troiani
424 2519 654 2620 fugabantur.
690 2520 887 2619 Postquam
919 2547 1045 2621 magna

205 2630 351 2712 'cades
365 2635 536 2735 utrinque
558 2635 652 2716 facta
672 2650 746 2728 est,
767 2635 912 2711 advenit
929 2636 1042 2730 Achil-

221 2753 289 2829 ·les
309 2787 321 2828 ι
341 2755 371 2828 is
389 2770 514 2828 ‘totum
539 2753 735 2850 exercitum
758 2753 797 2826 in
813 2754 941 2854 fugam
960 2781 1041 2828 con-

170 2949 173 2956 ,
239 2872 369 2964 vertit,
386 2869 599 2972 redegitque
617 2871 656 2956 in
674 2870 838 2972 Trojam.
856 2873 942 2944 Nox
954 2896 1039 2970 proe-

238 2983 329 3062 lium
346 2985 504 3079 dirimit,
521 2988 780 3089 Agamemnon
803 2987 992 3062 exercitum
1006 2988 1039 3060 in

238 3124 372 3182 terram
395 3103 533 3198 educit,
555 3121 668 3180 castra
695 3106 792 3200 facit.
824 3108 966 3179 Postera
987 3107 1040 3180 die

238 3227 381 3298 Hector
393 3223 589 3298 exercitum
605 3250 648 3297 ex
668 3223 758 3298 urbe
775 3222 922 3323 educit,
933 3239 966 3296 et
975 3223 1043 3296 ins·

229 3341 336 3415 truit.
353 3341 610 3443 Agamemnon
632 3355 756 3415 contra
770 3337 932 3416 clamore·
943 3357 1037 3443 mag-
