2296 4024
141 333 143 335 -
186 279 232 353 32
378 302 556 354 *ouantis
584 303 636 354 nn
663 275 818 356 raom!

187 428 332 509 carent,
360 443 478 519 neque
507 419 745 494 resistendum
774 415 1010 518 popularium
1104 395 1106 444 ³

186 531 465 644 voluntati3solo
477 537 642 612 omnium
650 537 1014 638 DeiphoboHecubae
1106 531 1107 534 '

188 676 331 728 assenso
359 684 368 726 ε
394 682 505 756 quem
521 683 595 730 non
613 657 715 732 aliter
727 672 836 758 atque
850 655 1014 731 Alexan·

187 767 320 863 drum,
339 771 489 848 Helenae
506 772 724 850 desiderium
741 803 761 847 a
775 790 873 850 recto
891 772 1014 849 consi-

186 883 239 959 lio
260 887 513 995 praepediebat.
541 895 667 993 Itaque
691 910 806 994 quum
832 890 1012 966 obstinate

185 1003 345 1081 Hecuba
368 1034 465 1082 nnnc
479 1006 686 1104 Priamum,
703 1010 817 1084 modo
838 1007 929 1084 filios
943 1007 1012 1081 de·
1111 1091 1115 1098 ¹

190 1138 427 1222 precaretur,
452 1127 567 1202 modo
594 1128 786 1226 complexu
804 1127 893 1227 ejus
915 1123 1020 1198 nullia¹

192 1239 332 1320 ratione
348 1239 467 1318 divelli
482 1260 623 1342 posset,
641 1271 768 1320 omnes
788 1244 851 1345 qui
866 1244 1015 1319 aderant

194 1356 232 1431 in
240 1357 463 1434 voluntatem
472 1387 575 1436 suam
587 1361 797 1436 transduxit.
807 1364 861 1434 lta
874 1362 919 1435 ad
927 1385 1018 1460 pos-

193 1491 356 1554 tremum
379 1479 519 1556 bonum
545 1477 733 1579 publicum
752 1481 916 1556 materna
930 1506 1019 1581 gra-

196 1593 246 1668 tie
259 1613 472 1695 corruptum
487 1613 550 1672 est.
573 1596 667 1671 Dein
692 1612 839 1694 postero
856 1595 914 1670 die
931 1598 1018 1670 Me-

196 1711 321 1787 nelaus
331 1736 417 1788 onrn
433 1714 505 1788 suis
518 1714 556 1786 in
566 1710 781 1788 concionem
795 1712 915 1806 venit,
931 1737 1020 1786 con-

198 1829 345 1930 jugem,
371 1844 408 1904 et
423 1857 503 1931 quae
518 1856 604 1904 cum
628 1831 671 1906 ei
696 1829 846 1928 abrepta
874 1845 1019 1924 essent,

200 1962 379 2054 repetens.
395 1951 501 2024 Tunc
509 1948 673 2022 Priamus
685 1947 780 2024 inter
788 1947 932 2051 regulos
942 1973 1033 2024 me·-

201 2064 281 2140 dius
290 2065 555 2161 adstans,facto
567 2065 729 2160 silentio,
742 2063 931 2166 optionem
943 2069 1025 2142 He-

201 2185 290 2260 lenae
298 2243 310 2279 ,
328 2185 468 2288 quarob
481 2184 519 2260 id
531 2185 569 2258 in
582 2201 777 2284 conspectu
791 2185 1034 2284 popularium·

204 2319 373 2399 venerat,
390 2305 520 2398 offert,
545 2303 574 2378 si
596 2302 630 2378 ei
645 2302 848 2397 videretur,
869 2303 1034 2377 domum·

206 2421 252 2504 ad
265 2449 347 2497 suos
362 2421 516 2524 regredi.
531 2423 653 2522 Quam
669 2421 790 2496 ferunt
802 2418 949 2513 dixisse,
961 2447 1029 2495 ne·

208 2567 280 2640 que
292 2555 329 2615 'se
344 2540 382 2614 in
394 2539 549 2638 patriam
561 2539 706 2639 regredi
716 2537 1037 2638 velle,nequesihi-

210 2683 295 2732 cum
308 2657 465 2734 Menelai
489 2655 726 2760 matrimonio
740 2654 945 2732 convenire.
974 2659 1029 2750 Ita

210 2778 327 2880 reguli
340 2779 511 2872 habentes
527 2776 732 2868 Helenam,
751 2801 825 2870 non
842 2775 917 2850 sine
935 2775 1033 2850 exul-

212 2897 347 2973 tatione
365 2923 410 2974 ox
425 2896 598 2972 concione
616 2893 818 2968 discedunt.

456 3070 667 3166 'orror
701 3095 775 3162 xr.

233 3295 238 3302 ·
266 3248 472 3346 Hrsactis,
499 3245 649 3350 Ulysses
675 3238 896 3319 contestandi
921 3231 1049 3342 magis·

222 3367 335 3473 gratie
342 3419 356 3466 ,
371 3393 482 3470 quarn
494 3363 629 3467 aliquid
643 3365 684 3441 ea
696 3360 858 3438 oratione
871 3355 1041 3460 profutu-
