2296 4024
176 263 225 364 64
315 261 318 266 ’
360 293 622 364 errentur
642 275 810 352 ¹irruenti

175 405 311 480 rietatis
319 407 375 509 jus
384 406 654 508 perseverabat,
667 405 827 496 humeris
840 403 985 479 extulit:

45 573 49 582 -
175 521 286 626 idque
303 525 379 628 igni
398 541 623 621 crematum,
647 525 746 630 quod
765 523 990 626 superfuerat

176 642 594 749 patriemoresepelirit.

818 797 833 837 Ι

185 1076 189 1099 ⁵
320 1095 323 1100 ·
383 1058 622 1136 eAPUT
656 1056 746 1128 Ill.

187 1187 192 1315 ‚²
223 1229 288 1304 us
303 1229 664 1310 nranmatverrere
678 1228 993 1329 Aestrienses

175 1341 432 1446 Telamonius,
453 1377 587 1451 magno
607 1375 756 1424 suorum
771 1347 991 1424 detrimento

173 1479 345 1573 eventum
368 1465 453 1541 belli
479 1467 571 1566 trahi
581 1524 595 1562 ,
613 1464 810 1542 exereitum
837 1465 875 1540 iu
900 1464 991 1551 duas

174 1598 294 1682 partes
308 1584 540 1683 dispertiunt,
553 1613 595 1660 ac
606 1611 674 1685 pro
686 1601 850 1684 ternpore
863 1581 993 1658 cobor-

175 1701 240 1774 tati
271 1727 378 1797 suos,
406 1718 580 1804 tanquam
616 1701 821 1786 restauratis
857 1698 994 1777 viribus

173 1819 294 1894 aerius
304 1819 424 1893 hostes
436 1818 734 1919 incurrunt,ipsi.
742 1819 851 1894 duces
862 1814 996 1916 princi·

97 2023 100 2030 ¹
175 1953 314 2036 pesque
328 1935 533 2011 certaminis
543 1965 559 2045 ξ
570 1964 687 2040 quum
698 1936 812 2012 modo
824 1935 994 2036 inseque-

173 2066 302 2128 rentur
321 2052 523 2154 fugientes,
536 2055 650 2130 modo
669 2051 920 2156 ingruentibus
934 2074 994 2128 se.-
1042 2063 1044 2068 '

175 2186 253 2268 met
277 2170 389 2244 instar
415 2171 514 2246 muri
536 2187 764 2272 opponerent
776 2201 788 2261 3
816 2185 926 2271 atque
942 2168 992 2242 ita
1121 2163 1143 2232 s

175 2288 327 2381 omnino
339 2287 449 2388 primi
462 2303 524 2361 ant
535 2288 631 2364 inter
646 2286 785 2387 primos
800 2286 992 2378 bellantes,

174 2395 382 2507 preclaram
403 2405 480 2506 jam
501 2421 582 2478 tnm
601 2403 743 2481 virtutis
760 2431 831 2478 suae
854 2403 993 2476 famam

175 2515 273 2620 apud
285 2523 404 2596 hostes
419 2537 527 2622 atque
540 2521 635 2596 inter
650 2547 734 2596 suos
752 2523 914 2596 effecere.
928 2523 1004 2624 In-¹

176 2637 284 2744 terim
309 2638 526 2716 Teutranius
543 2667 588 2714 ex
608 2641 807 2715 Teutrante
833 2655 870 2714 et
886 2641 993 2740 Auge

176 2755 336 2870 genitus,
351 2755 463 2830 frater
476 2755 629 2854 Telephi
647 2755 829 2850 uterinus,
844 2753 908 2828 ubi
920 2752 995 2827 ani·

175 2873 370 2972 madvertit
390 2872 543 2974 Ajacem
568 2877 666 2948 tanti
691 2865 883 2950 adversum
908 2895 991 2946 suos

166 2981 290 3100 ¹glorier
306 2989 560 3086 dimicantem,
577 3017 733 3092 propere
746 2992 791 3067 ad
804 3019 889 3067 erun
902 3015 994 3070 con·

170 3099 310 3202 uertit,
335 3107 458 3208 ibique
479 3109 678 3212 pugnando
703 3108 795 3186 ictus
819 3108 892 3185 telo
915 3108 995 3208 ejus
1037 3115 1045 3122 '

176 3223 355 3300 occubuit.
374 3226 461 3324 Ejus
475 3252 558 3301 casu
572 3226 754 3324 Telephus
771 3251 844 3300 non
856 3223 995 3298 medio·

169 3341 281 3460 priter
306 3341 522 3446 perculsus,
550 3342 802 3452 ultionemque
824 3342 992 3436 fratemes
