2262 4038
186 288 258 380 ¹74
366 314 545 368 sunm
574 287 627 370 rin
654 323 818 377 rnorr.

183 417 303 496 nisset.
321 423 468 504 Troilus
483 431 656 511 minimus
672 455 779 536 natu,
796 468 871 518 non
884 445 1010 522 minus

163 537 288 614 'fortis
302 569 413 644 quam
433 549 595 649 Hector,
617 555 756 633 bellum·
770 562 848 665 geri
869 567 1007 640 suade-

182 654 246 730 bat
255 676 315 753 ,et
327 689 401 740 non
411 667 543 748 debere
555 675 682 752 terreri
691 695 792 754 metu
803 673 1005 760 verborum

181 774 340 877 Heleni,
363 789 462 888 quod
477 775 653 880 'omnibus
676 796 827 896 plac'nit,
848 799 1012 880 classem·
1113 863 1115 886 2

184 904 408 1003 comparari,
423 923 457 986 et
472 907 510 991 in
524 912 700 1000 Graeciam
715 919 906 1018 proticisci.

420 1533 610 1624 CAPUT
641 1551 763 1627 vlu.

232 1738 407 1820 Prrfflns
432 1746 685 1839 Alexandrum
706 1769 742 1828 et
765 1754 1003 1856 Deiphobum
1114 1761 1118 1842 t

181 1857 221 1935 in
242 1861 425 1938 Paeoniam
446 1865 563 1962 misit,
583 1882 626 1942 ut
646 1868 778 1950 milites
799 1871 1002 1976 eligerent:

182 1977 230 2057 ad
266 1983 479 2059 concionem
509 1986 690 2084 populum
722 1991 847 2068 venire
881 1994 1001 2094 jubet.

182 2099 479 2198 commonefacit
508 2100 625 2200 filies,
659 2123 701 2184 ut
730 2107 888 2211 majores
914 2131 1006 2190 natu

182 2210 387 2328 minoribus
410 2226 646 2328 imperarent.
676 2225 894 2305 Monstravit
914 2259 1004 2332 quas

184 2348 334 2453 injurias
346 2347 462 2434 Graeci
481 2335 650 2449 Trojenis
666 2343 832 2426 fecissent
848 2349 921 2424 rob
935 2352 1006 2428 hoc

185 2470 413 2558 Antenorem
425 2466 587 2570 legatum
600 2465 638 2540 in
653 2465 830 2543 Graeciam
843 2465 1005 2566 misisse,

188 2603 229 2662 ut
242 2587 309 2666 sibi
330 2585 533 2662 Hesionam
552 2611 717 2662 sorerem
738 2583 953 2681 redderent,
971 2603 1008 2663 et

187 2705 434 2783 satisfacerent
459 2702 640 2805 Trojnnis·
667 2703 896 2780 Antenorem
920 2732 1010 2780 con-

189 2824 379 2908 tumeliose
395 2823 450 2904 ¹nb
469 2822 534 2908 eis
551 2836 780 2902 tractatum:
807 2849 876 2898 nec
899 2825 1009 2925 quid-

55 3033 59 3040 ,
190 2973 301 3049 quiam
318 2945 364 3020 ab
376 2944 434 3028 his
450 2944 647 3043 impetrare
667 2939 839 3043 potuisse.
861 2941 923 3018 Ob
940 2945 1010 3022 hoc

119 3080 122 3085 ’
188 3062 693 3170 placeresibi,Alexnndmm
701 3060 1010 3140 mittieumclasse

191 3185 231 3262 in
243 3186 444 3281 Graeciam,
461 3185 525 3288 qui
537 3185 595 3262 eri
612 3184 667 3260 sui
683 3199 842 3260 mortem
859 3199 897 3259 et
912 3187 1012 3260 Tro-

191 3305 362 3404 j'enorum
390 3303 539 3406 injurias
565 3303 807 3380 ulcisceretur.
839 3303 1009 3377 Anteno-

196 3447 275 3498 rem
297 3419 417 3498 dicere
442 3421 562 3520 jussit,
593 3421 780 3523 quomodo
808 3418 848 3494 in
871 3419 1010 3503 Graecie
