2302 4026
196 300 263 374 160
376 326 550 376 suanus
578 305 631 372 n‘r
659 321 810 372 ruore.

380 497 585 567 CAPUT
623 494 816 564 XXXV.

238 645 316 705 Pan
333 639 431 707 idem
454 651 597 736 tempus
614 638 712 737 apud
734 637 887 736 Trojam
901 659 1006 710 exer-

179 747 281 824 citus
294 751 496 848 sociorum,
512 756 646 857 quique
659 756 827 848 mercede
837 752 1005 830 conducti

189 867 374 944 auxiliares
404 872 525 971 copias
553 874 803 968 adduxerant,
838 889 1004 971 tempore

187 987 305 1061 multo
324 988 455 1063 frustra
470 990 579 1084 trito,
596 990 767 1084 taedione,
780 1019 826 1064 an
839 989 1006 1065 recorda-

188 1104 286 1177 tione
299 1131 448 1180 suorrun
457 1164 469 1200 ,
486 1106 750 1181 domuitionem
767 1108 1002 1207 occipiebau't.

185 1223 297 1322 Quod
316 1225 379 1297 ubi
401 1223 654 1299 animadvertit
674 1229 841 1320 Hector,
862 1241 1005 1301 coactus

185 1342 412 1437 necessitate,
429 1343 602 1417 militibus
625 1359 667 1417 ut
690 1344 727 1416 in
750 1345 860 1418 armis
886 1359 1004 1419 essent

183 1457 286 1558 jubet
296 1487 307 1546 3
330 1486 371 1533 ac
392 1486 479 1534 mox
494 1460 557 1534 ubi
570 1457 714 1562 signum
732 1462 852 1554 daret,
871 1489 1003 1561 seque-

177 1592 310 1676 rentur
332 1603 417 1652 sese.
440 1577 556 1679 Igitur
572 1593 764 1678 postquam
784 1596 927 1678 tempus
943 1578 1001 1655 vi-

174 1719 264 1776 ,sum
277 1711 348 1794 est,
360 1713 396 1770 et
408 1723 535 1770 omnes
546 1696 584 1768 in
596 1695 705 1768 armis
715 1698 999 1788 nunciabantur,

181 1811 287 1911 jubet
306 1814 450 1914 egredi,
475 1812 550 1911 ipse
575 1812 647 1886 dux
669 1827 777 1914 atque
799 1813 1000 1913 imperator

182 1928 328 2001 militia.
753 1948 757 1952 ’

229 2047 302 2120 Res
348 2048 527 2146 postulare
567 2050 736 2144 videtur,
769 2045 896 2123 eorum
941 2074 1000 2122 re-

180 2191 263 2266 ges,
288 2165 350 2264 qui
379 2166 465 2240 socii
485 2183 592 2267 atque
612 2169 719 2243 amici
743 2173 776 2242 T
779 2168 868 2268 rojae
875 2223 888 2259 ,
914 2165 1000 2266 qui-

180 2308 251 2380 que
273 2282 321 2353 ob
343 2283 549 2357 mercedem
571 2285 759 2358 auxiliares
786 2313 831 2358 ex
850 2281 998 2359 diversis

179 2399 387 2502 regionibus
404 2402 577 2476 contracti
597 2403 859 2498 Priamidartun
881 2401 1015 2498 impes

171 2517 275 2602 ¹rium
288 2519 550 2618 sequebantur,
565 2520 716 2590 edicere.
732 2519 873 2590 Primus
885 2517 1008 2618 igitur

170 2634 291 2733 ‚portis
314 2634 472 2732 erumpit
496 2635 680 2708 Pandarus
701 2638 871 2734 Lycaone
894 2632 997 2736 geni·

177 2768 252 2846 tus,
268 2779 311 2826 ex
323 2751 453 2852 Lycia:
468 2750 553 2823 dein
565 2751 803 2849 Hippothous
816 2741 915 2852 lsylei
923 2807 936 2844 ,
950 2777 994 2825 ex

149 2926 153 2934 -
176 2870 316 2944 Larissa
331 2866 604 2968 Pelasgidarum
620 2899 627 2938 :
645 2873 799 2943 Acamas
814 2885 848 2942 et
865 2868 994 2962 Piros,

176 3015 221 3063 ex
237 2984 390 3062 Thracia
407 3016 415 3055 ι
432 2984 644 3082 Euphemus
658 2986 867 3060 Troezenius
884 2986 992 3060 Cico-

176 3088 993 3204 nisimperitan's:PylaemenesPaphlagouius,

180 3237 282 3319 patre
303 3221 415 3294 Melio
433 3219 609 3322 gloriosus
626 3249 633 3290 :
649 3221 764 3294 Odius
779 3237 814 3295 et
831 3220 997 3326 Epistro-

178 3339 270 3437 phus
278 3393 291 3433 ,
306 3335 369 3409 filii
380 3335 484 3413 Minii
493 3393 505 3434 ,
517 3337 710 3414 Alizonum
722 3364 824 3441 reges
841 3368 848 3408 :
864 3343 999 3436 Sarpe-
