2314 4024
168 307 249 384 272.
352 310 533 364 cunm
560 289 614 385 usn
640 283 798 363 anon?

172 448 193 490 n
213 419 257 496 tis
269 421 426 530 luctibus
440 422 611 500 filiorum.
622 422 770 526 Quippe
780 421 818 496 hi
832 420 887 524 fisi
898 447 983 526 reg·

168 565 190 610 »
210 564 259 614 no
277 567 345 640 per
355 542 602 643 juventutem,
618 569 734 645 quum
751 567 896 641 semper
917 568 984 616 cu-

169 655 375 756 nspiditates
394 659 511 736 animi
530 687 685 763 ,quoquo
706 659 820 736 modo
840 657 984 758 explere
1014 692 1017 700 ·

168 769 188 846 i
210 775 390 877 gestiunt,
407 777 503 854 ultro
511 778 579 854 sibi
584 835 598 876 ,
613 779 775 882 mihique
787 775 986 879 perniciem

168 919 192 968 n
211 895 405 971 machinati
427 914 543 989 .sunt;
563 923 697 999 *neque
722 897 881 986 ¹dubium
910 890 987 970 cui-

169 1036 192 1088 »
211 1035 343 1110 quam,
354 1003 732 1113 quinconteinptuisit
742 1009 1001 1090 adolescentiae·

166 1153 191 1200 n
211 1143 353 1204 senecta
364 1145 459 1204 aetas.
474 1129 585 1230 Quod
598 1128 628 1204 si
639 1128 788 1204 intentu
805 1153 890 1204 meo
899 1126 996 1203 reli-w
1099 1135 1104 1144 '

168 1273 193 1316 u
212 1244 276 1349 qui
295 1246 547 1348 hujuscemodi
562 1245 782 1324 facinoribus
803 1262 987 1346 tempera-

167 1392 190 1440 »
210 1363 323 1460 bunt,
344 1392 406 1442 me
420 1391 589 1469 quoque,
608 1366 638 1440 si
654 1366 815 1461 videtur,
835 1365 998 1444 exhibeo.

168 1509 192 1556 >a
212 1507 327 1581 poenae
341 1486 493 1582 mortis,
518 1485 577 1562 cui
594 1485 991 1587 miseroconfectoque

169 1627 193 1674 u
210 1602 448 1698 moeroribus,
473 1627 602 1679 omnes
630 1628 827 1699 aerumnas,
858 1601 997 1705 quibus

169 1743 192 1789 n
212 1745 309 1795 nunc
328 1721 516 1821 depressus
536 1720 822 1807 infelicissimum
847 1734 991 1820 specta·

168 1862 192 1908 n
213 1835 337 1910 culum
372 1837 586 1920 mortalibus
612 1837 779 1936 praebeo,
804 1864 890 1914 cum
919 1837 991 1916 hoc

169 1976 193 2062 »ξ
212 1952 343 2054 exiguo
355 1943 483 2054 spiritu
491 1951 599 2028 simul
611 1953 752 2031 auferes
765 1985 774 2027 :
787 1954 929 2044 Adsum
941 1979 990 2028 en

170 2067 307 2145 »ultro
326 2101 335 2143 ε
360 2070 449 2145 nihil
470 2073 648 2172 deprecor
664 2102 674 2146 a
691 2072 748 2150 vel
764 2073 795 2146 si
818 2072 868 2146 ita
889 2071 990 2148 cordi

169 2213 193 2258 a
212 2201 265 2260 est
271 2187 385 2279 ,habe
394 2187 433 2264 in
446 2190 606 2267 custodia
619 2187 853 2289 captivitatis:
871 2214 991 2290 neque

172 2331 194 2376 n
214 2301 313 2392 enim
345 2305 436 2381 mihi
462 2307 663 2410 quidquam
691 2307 767 2409 jam
796 2305 991 2406 superioris
1048 2385 1052 2390 ,

172 2449 194 2493 a,
212 2424 365 2498 fortunae
377 2425 559 2530 reliquum
572 2440 646 2501 est:
669 2425 806 2526 quippe
820 2424 991 2500 interfec-
1094 2448 1097 2455 ’

175 2567 196 2611 n
214 2553 254 2612 to
261 2541 423 2616 Hectore
432 2557 581 2636 ,cuncta
590 2542 694 2642 regni
703 2540 903 2616 concidere.
919 2541 992 2617 Sed

174 2685 197 2748 η
214 2655 326 2756 sijam
337 2656 484 2742 Graeciae
493 2657 666 2734 universae
676 2655 726 2730 ob
734 2657 905 2730 meorum
911 2681 1005 2730 ma·-

173 2803 196 2859 1,
215 2773 250 2856 le
258 2774 532 2870 consulta‚satis
539 2799 733 2874 poenarum
745 2771 904 2862 filiorum
911 2799 993 2850 san·

177 2921 199 2966 »
219 2890 350 2996 guine,
366 2918 409 2967 ac
423 2891 514 2967 meis
534 2888 704 2968 aerumnis
722 2890 897 2992 persolvi,
917 2891 994 2969 ani-

177 3039 197 3112 a
216 2999 334 3087 serere
346 3010 457 3106 aetatis
466 3066 480 3106 ,
491 3039 534 3088 ac
543 3011 629 3088 deos
637 3011 845 3088 recordatus
851 3068 865 3107 ‚
877 3027 993 3087 reton-

178 3158 199 3204 »
219 3154 290 3236 que
303 3127 443 3204 animos
454 3129 500 3203 ad
515 3128 689 3229 pietatem
707 3129 888 3207 :concede
906 3155 996 3228 par-

183 3277 201 3334 u
219 3245 309 3320 vulis
325 3245 450 3322 saltem
467 3274 541 3322 non
560 3248 720 3332 animam
734 3247 913 3348 parentis,
930 3246 995 3322 sed

181 3391 202 3452 s,
222 3361 373 3442 cadaver
399 3365 683 3472 deprecandbus.
707 3364 838 3446 Veniat
856 3362 904 3465 in
916 3363 997 3466 ani7
