2302 4026
183 313 247 386 152
372 317 546 404 curiana
574 335 626 386 nr
653 324 811 386 rnorri-

118 497 124 500 -
176 475 267 548 quos
279 435 402 524 secum
421 450 593 524 habuerat
607 451 643 523 in
661 451 769 524 armis
783 473 856 525 esse
876 447 994 550 jubet!

173 569 216 645 Id
237 567 300 640 ubi
324 567 479 641 Achilles
497 569 768 664 animadvertit,
786 549 993 644 commotus

139 743 142 748 f
176 683 228 784 rei
255 683 525 786 indignatione,
551 686 658 759 simul
683 687 840 786 pernicie
863 683 993 760 defessi

178 802 353 877 exercitus
389 804 534 900 anxius,
557 805 811 880 defunctorum
841 829 994 904 corpora

175 920 422 1016 miserandum
432 923 469 994 in
477 923 630 1018 modum
640 923 820 1017 confecta,
833 922 994 1020 undique

174 1039 214 1129 in
232 1069 346 1112 unum
364 1041 483 1142 colligi
500 1043 622 1142 jubet,
637 1058 744 1142 atque
762 1042 799 1115 in
816 1054 995 1118 conventu

178 1173 261 1230 ante
281 1184 344 1229 ora
358 1159 524 1232 omnium
538 1160 679 1259 projici.
695 1162 779 1259 Quo
794 1156 995 1259 spectaculo

175 1275 266 1350 adeo
289 1277 465 1350 commoti
494 1305 595 1378 reges
622 1293 819 1379 gentesque
845 1299 995 1368 omneS,

175 1394 230 1470 uti
246 1395 436 1476 adversum
457 1399 775 1496 Agamemnonem
797 1399 841 1470 ab
859 1393 1004 1470 cunctis

176 1528 410 1612 pergeretur,
430 1514 521 1587 duce
539 1529 646 1614 atque
663 1505 808 1588 auctore
825 1511 963 1586 Achille
981 1533 998 1603 ‚'

178 1630 259 1706 etsi
276 1647 475 1728 perstaret,
495 1632 666 1706 suadente
687 1632 794 1706 exitio
810 1628 997 1712 vindican-
1017 1715 1022 1721 ι
1104 1689 1108 1694 .
1144 1649 1145 1666 ’

180 1749 281 1832 dum.
305 1751 394 1850 Quae
411 1750 474 1823 ubi
495 1749 572 1850 regi
590 1751 784 1844 nunciata,
802 1746 997 1847 pertinacia
1083 1743 1089 1758 ’

180 1868 313 1961 animi,
339 1897 384 1940 an
411 1869 458 1940 ob
486 1895 651 1941 amorem
678 1868 844 1966 captivae,
868 1880 996 1940 cuncta

180 2002 340 2058 extrema
351 2003 447 2059 ratus
457 1986 727 2083 experi1·i‚nihil
736 1984 994 2060 remittendum

179 2103 223 2177 de
237 2106 410 2179 sententia
424 2106 673 2182 destinaverat.

369 2301 817 2405 caper-xxxrr.

190 2541 195 2550 .
228 2453 996 2562 EapostquarpTrojanicognovdre,simul

184 2598 228 2648 ex
243 2573 356 2646 muris
368 2573 690 2674 conflagrationem
705 2597 902 2668 corporum
914 2571 998 2665 assi-

183 2691 294 2790 duam
320 2671 535 2791 crebrasque
545 2689 753 2787 ,sepulturas
770 2688 999 2764 animadver-

182 2806 999 2911 tere,doctique,etiamreliquosincommodo

184 2929 294 3006 cladis
312 2929 388 3030 ejus
412 2915 546 3002 debiles
565 2951 696 3028 agere,
711 2925 887 3000 cohortati
906 2925 1000 2998 inter

184 3077 221 3124 se
237 3077 338 3123 arma
361 3049 532 3146 capiunt,
554 3074 596 3121 ac
615 3071 768 3146 propere
789 3072 873 3119 cum
888 3071 999 3116 manu

176 3166 346 3264 uauxssiaii
366 3164 468 3241 effusi
485 3164 597 3264 portis
617 3179 774 3264 pergunt
792 3163 996 3237 advorsum.

186 3286 242 3360 Ac
264 3284 346 3358 dein
372 3312 438 3382 per
456 3265 603 3382 campos
622 3279 779 3355 exercitu
803 3279 1003 3377 bipartito,

186 3402 354 3512 Trojanis
376 3407 538 3504 Hector,
563 3399 748 3506 Sarpedon
773 3397 1004 3473 auxiliaribus
