2314 4024
148 301 244 401 ddo'
337 331 510 382 corana
538 331 591 382 or
619 329 770 384 raom.
830 292 859 324 '¹

146 470 227 548 gaso
236 445 450 544 sepelivere:
462 474 520 520 cu1
511 445 760 580 sepulchrum
775 444 882 520 etiam
897 469 961 518 ex-

147 564 363 640 struendum
379 565 424 638 ab
439 565 493 638 his
507 565 568 667 qui
583 564 621 638 in
634 565 770 640 eoloco
783 564 958 664 agebant,

145 680 424 782 mercedeAJax
436 681 958 786 tocat1nd10natus1ndeGrae

151 799 218 894 eis,
233 801 332 906 qnod
345 745 699 922 nihilinhisdignirm
712 799 868 876 doloris
856 813 958 899 Juxta

145 917 377 994 amissionem
395 921 486 994 tanti
501 911 620 996 herois
642 919 953 994 animadverteret.

139 1037 210 1111 Per
218 1037 316 1112 idem
326 1051 468 1136 tempus
476 1035 658 1140 Pyrrhus,
672 1065 782 1139 quem
790 1031 958 1134 Neopto-

136 1137 279 1230 lenium
292 1151 567 1247 memorabant,
581 1154 724 1258 genitus
747 1145 887 1230 Achille
912 1180 957 1227 ex
977 1157 981 1168 '

137 1271 328 1348 Deidamia
336 1269 568 1380 Lycomedis,
577 1263 958 1410 superveniens,offen·

143 1389 201 1463 dit'
208 1382 389 1465 tumulum
398 1393 637 1467 exstructum
625 1419 702 1493 lam
710 1418 755 1465 ex
762 1403 844 1488 par
839 1417 864 1463 e
877 1417 957 1462 ma-

137 1507 246 1584 xlma.
265 1509 359 1586 Dein
374 1526 604 1609 percontatus
631 1509 768 1584 exitum
794 1509 982 1606 paternae¹

134 1627 284 1722 mortis,
302 1628 535 1730 doctusque,
563 1626 837 1730 Myrmidonas,
863 1653 955 1728 gen-

133 1761 210 1820 tem
239 1730 474 1832 fortissimam
506 1740 551 1820 e't'
572 1745 744 1848 inclytam
777 1735 980 1837 bellandi,¹

133 1863 243 1940 arnris
258 1861 367 1966 atque
383 1864 514 1970 animis
536 1865 728 1940 confirmat
737 1893 748 1952 ;
764 1865 953 1962 imposito·
965 1845 981 1895 Ὗ

132 2009 203 2082 que
233 1978 397 2057 faciendo
423 1983 534 2080 operi·
554 1981 742 2080 Phoenice,
772 1971 819 2054 ad
832 2006 969 2057 nares·
1046 2053 1048 2058 ,

132 2106 242 2202 atq'ue
257 2095 303 2172 ad
323 2098 475 2202 tentoria
493 2099 661 2206 parentis¹
676 2097 860 2174 contendit
876 2128 884 2170 :
900 2096 951 2172 ihi

130 2216 320 2291 custodem
341 2243 467 2327 rernm
491 2216 639 2292 Achillis
660 2214 950 2314 Hippodamiam
976 2312 981 2318 ὁ

4 2339 6 2356 '
131 2332 577 2438 animadvertit-Moxque
590 2336 747 2413 adventu
760 2335 837 2436 ejus
859 2357 964 2437 cog-¹

131 2451 228 2545 nito,
242 2451 280 2523 in
291 2452 466 2528 eumdem
478 2453 601 2528 locum
615 2482 636 2525 a
648 2451 785 2527 cunctis
797 2449 948 2526 ducibus

125 2567 366 2646 concurritur
377 2599 393 2640 :-
409 2565 519 2671 hique
540 2567 594 2641 ut'i
616 2551 780 2674 animnnr
803 2591 947 2668 oequum
961 2573 982 2611 ··”

70 2685 73 2694 ’
128 2687 298 2782 haberet,
313 2681 947 2788 deprecantur.'Queishenigneres-

127 2805 312 2906 pondens,
328 2831 395 2880 nec
416 2801 482 2877 sibi
491 2858 503 2896 ‚
527 2801 600 2894 ait,
617 2800 824 2903 ignoratum
847 2826 945 2897 esse,
964 2899 967 2904 Ι

48 2949 52 2956 ’
124 2909 250 3000 omnia
271 2948 354 3026 quae
380 2919 550 2999 divinitus
574 2919 723 3015 fierent,
750 2918 837 2995 forti
863 2947 945 3022 pec-

126 3057 206 3122 tore
222 3039 410 3141 patienda,
429 3053 549 3142 aeque
560 3039 741 3141 'cuiquam
761 3064 869 3138 super
893 3037 946 3112 fa·

126 3171 207 3240 tum
230 3156 374 3236 vivendi
397 3182 603 3234 concessam
627 3155 746 3258 legem
768 3187 776 3227 :
801 3172 945 3254 turpem

125 3301 285 3373 namque
310 3298 360 3352 ac
389 3275 641 3353 detestandam
669 3272 944 3352 viris-‘fortibus
1014 3351 1019 3358 ,

127 3389 376 3476 conditionem
387 3407 543 3472 senectae
556 3401 574 3486 ς’
590 3407 717 3472 conns
738 3389 965 3470 imbellibus·
