2302 4026
231 529 457 617 LI-BER'
493 518 909 624 SECUNDUS.

442 710 650 882 ἁΑΡυΤΙ
677 768 706 838 1.

170 887 408 1030 Puerorum
420 941 466 1016 ad
478 944 680 1020 Moesorum
696 943 883 1047 regionem
900 941 983 1018 uni·
1067 1007 1074 1018 .,

168 1085 286 1166 rersas
316 1060 442 1138 classes
472 1063 570 1140 venti
602 1064 801 1164 appulere,
826 1082 983 1164 propere

170 1204 311 1272 omnes,
320 1180 531 1282 signodato,
541 1183 767 1260 naveslittori
775 1183 984 1258 admovent.

170 1296 265 1372 Dein
278 1299 402 1400 egredi
415 1300 663 1399 cupientibus,
677 1329 698 1374 a
711 1300 918 1377 custodibus
929 1299 986 1373 lo·
1012 1300 1030 1336 ’-

170 1413 203 1497 ci
216 1415 295 1515 ejus
306 1416 451 1493 obviam
464 1418 557 1504 itum
569 1435 622 1494 est
637 1451 646 1492 :
663 1445 724 1496 eos
737 1445 895 1520 namque
908 1420 988 1493 Te-¹

171 1531 319 1630 lephus,
331 1534 395 1636 qui
416 1551 495 1610 tum
509 1537 654 1612 Moesiae·
667 1525 866 1637 imperator
881 1551 958 1611 erat
971 1589 985 1638 ,
1057 1603 1060 1608 Α

173 1650 246 1750 'quo
260 1653 380 1726 omnis
391 1655 551 1756 regioab
564 1655 767 1733 incursione
780 1647 988 1730 maritimo-
1059 1653 1063 1660 ’

62 1865 64 1870 .
171 1796 265 1844 rum·
273 1771 431 1846 hostium
447 1772 713 1868 defensaretur,
726 1773 838 1847 littori
856 1771 989 1872 praefe-¹

172 1903 280 1962 cerat.
295 1888 409 1992 Igitur
421 1890 485 1964 ubi
496 1878 710 1976 descendere
723 1891 990 1990 prohibentur5

172 1995 291 2106 neque
317 2007 421 2104 prius
441 2007 666 2106 permittitur
684 2001 819 2083 terram
844 2004 989 2112 contin·-

173 2148 281 2230 gere,
296 2151 406 2224 qnam
428 2123 506 2228 regi
523 2125 672 2228 quinam
693 2140 830 2230 essent,
847 2119 992 2198 nuntia·
1029 2190 1036 2198 .

174 2255 301 2320 retur:
318 2241 430 2316 nostri
447 2242 570 2340 primo
595 2271 674 2342 quae
697 2241 908 2320 dicebantur
923 2265 991 2314 ne-

176 2354 389 2461 gligerejet
411 2357 541 2465 singuli
567 2357 717 2441 navibus
742 2346 877 2460 egredi.
896 2357 992 2432 Dein
1017 2411 1022 2420 ·

175 2473 615 2582 postquamacustodibus
625 2473 992 2568 nihilremittebatur,

110 2593 111 2598 ’
175 2607 214 2668 et
234 2619 377 2692 summa
391 2590 428 2692 ri
443 2591 558 2665 resisti
580 2607 615 2665 et
631 2590 815 2690 prohiberi
831 2608 990 2692 coeptum

178 2715 250 2804 est,
263 2708 371 2783 duces
378 2735 505 2784 omnes
514 2705 683 2810 injuriam
692 2735 804 2782 manu
813 2707 994 2800 vindican-

178 2811 264 2902 dam
282 2824 350 2916 rati
362 2825 513 2924 arreptis
530 2824 640 2897 armis
661 2825 802 2900 evolant
817 2825 992 2920 navibus,

176 2943 386 3042 incensique
411 2941 468 3014 ira
493 2942 658 3018 custodes
685 2943 852 3036 cadere,
874 2923 994 3044 neque

180 3061 290 3147 ,versis
311 3059 364 3134 his
385 3075 493 3162 atque
510 3059 549 3134 in
571 3059 657 3162 fuga
675 3087 842 3159 parcere,
860 3060 995 3134 seduli

182 3171 334 3278 quisque
347 3177 549 3280 fugientem
563 3177 906 3280 comprehenderat,
923 3173 994 3253 obss

185 3310 362 3370 truncare.
919 3311 924 3314 ’
