2246 4016
266 257 448 328 arvnr.
487 255 742 312 rnnnrnrn
873 233 919 312 55

16 407 17 436 t
94 372 461 471 rus,cunctaquaeab
476 372 923 450 AlexandrocontraGrae-

16 463 18 514 t

16 571 17 576 Ἰ
93 476 347 588 ciamindigne
355 489 549 566 commissa
557 489 922 586 assent,retexuit.0b

16 591 17 596 ἵ
95 620 168 695 quae
178 598 369 678 ultionem
381 607 483 683 brevi
496 624 643 683 testatus
652 625 715 684 est.
729 609 823 704 Dein
837 609 922 682 Me-

97 713 215 792 nelaus
240 720 300 794 ira
325 724 504 823 percitus,
527 728 641 803 atroci
654 727 755 805 vultu
772 726 923 802 exitium

97 833 282 934 minatus,
306 842 502 918 concilium
515 845 676 919 dimittit.
697 847 787 946 Quae
798 843 862 918 ubi
878 841 925 934 ad

98 951 301 1032 Priamidas
315 961 454 1058 perlata
466 978 571 1056 sunt,
595 961 812 1050 confirmant
834 961 927 1034 inter

16 1087 18 1096 ’
99 1091 134 1142 se
152 1069 279 1170 clam,
298 1077 352 1150 uti
379 1105 450 1177 per
460 1079 585 1154 dolum
614 1079 750 1181 legatos
768 1076 928 1170 circum·

16 1189 17 1280 Ῐ
101 1189 263 1264 veniant.
295 1196 502 1271 Credebant
525 1196 693 1298 quippe,
723 1197 824 1299 quod
853 1221 928 1270 non

102 1300 237 1382 frustra
265 1337 328 1386 eos
352 1313 477 1388 habuit
488 1372 502 1409 ,
527 1315 557 1388 si
581 1313 690 1418 legati
713 1313 929 1413 imperfecto

16 1439 18 1533 ζ
105 1427 259 1528 negotio
276 1432 529 1527 revertissent,
553 1433 633 1508 fore
659 1432 714 1507 uti
738 1433 933 1510 adversum

107 1566 144 1616 se
169 1547 311 1647 grande
340 1549 510 1647 proelium
541 1549 795 1624 concitaretur:
819 1547 935 1650 Igitur

16 1689 17 1728 t
109 1661 300 1761 Antenor,
313 1666 430 1770 'cujus
449 1667 493 1739 de
515 1667 701 1746 sanctitate
716 1691 864 1738 morum
878 1692 937 1740 su·
1010 1749 1020 1768 1

112 1802 177 1876 pra
191 1781 508 1882 memoravimus,
539 1782 726 1857 Priamum
742 1782 936 1879 convenit,

16 1915 17 1936 ¹
115 1898 481 2003 conjurationemque
507 1900 641 1975 factam
670 1899 933 2002 conqueritur:

115 2013 209 2091 filios
225 2016 365 2118 quippe
382 2002 460 2120 ejus
472 2044 547 2092 non
558 2015 710 2120 legatis,
727 2017 790 2092 sed
805 2017 937 2094 adver-

116 2158 175 2208 sus
190 2161 229 2211 se
245 2135 392 2210 insidias
404 2163 555 2235 parare:
574 2163 693 2238 neque
707 2135 745 2209 id
757 2163 795 2210 se
810 2161 937 2235 passu·
1002 2206 1004 2219 ,

18 2329 19 2336 ¹
120 2279 213 2326 rum.
245 2253 342 2329 Dein
373 2283 448 2331 non
472 2253 589 2330 multo
611 2272 693 2354 post
717 2254 842 2358 legatis
858 2281 939 2328 rem

18 2375 19 2378 ’
121 2369 244 2469 aperit.
269 2375 325 2445 Ita
350 2371 543 2471 exploratis
565 2373 758 2466 omnibus,
778 2371 940 2444 adhibito

120 2487 313 2586 praesidio,
336 2502 458 2589 'quum
493 2491 656 2588 primum
690 2502 941 2585 opportunum

119 2604 235 2685 visum
250 2621 328 2702 cst,
344 2605 534 2685 inviolatos
547 2608 608 2681 eos
616 2602 782 2716 dimittit.

249 3031 253 3040 ’
368 3035 561 3106 CAPUT
593 3035 696 3104 XII.

171 3187 268 3262 Duru
287 3185 364 3261 haec
384 3187 481 3286 apud
496 3185 649 3286 Trojam
665 3197 844 3288 aguntur,
866 3182 942 3295 dis

125 3306 299 3381 samarath
312 3304 388 3407 jam
401 3331 469 3406 per
484 3304 688 3382 universam
700 3299 876 3381 Graeciam
889 3301 944 3374 fa-
