2246 4016
182 244 231 334 28
346 269 806 340 'eornneueraorn

138 411 144 418 “
181 397 289 500 digne
302 398 495 474 admissam
507 398 707 500 injuriam,
724 401 883 502 atquein
900 399 1006 478 hune·

180 516 334 590 modurn
349 517 463 590 multa
476 517 564 612 alia,
581 545 666 592 curn
680 519 919 595 exsecratione
934 547 1000 594 re·

179 634 368 710 clamabat.
397 631 459 712 Ob
484 665 563 737 quoe
596 637 800 713 Alexander
829 636 1000 737 cupidine

177 754 291 828 animi
303 782 480 866 praeceps,
499 751 632 860 ueritus
644 757 792 860 nequid
807 757 999 834 adversum

180 872 490 971 seapopularibus
502 873 662 950 oriretur
669 875 840 974 ‚stipatus
852 873 1002 949 armatis

177 991 348 1068 fratribus
361 992 541 1091 impetum
554 993 591 1068 in
606 994 876 1069 multitudinem
891 993 999 1089 facit,

178 1111 385 1214 multosque
409 1113 625 1189 obtruncat:
646 1113 775 1216 reliqui
795 1113 1000 1189 interventu

178 1255 395 1329 procerum,
417 1230 481 1332 qui
496 1231 535 1330 in
550 1231 702 1307 concilio
724 1231 889 1323 fuerant,
907 1228 1000 1305 duce

176 1339 376 1430 ¹liberantur
396 1351 595 1426 Antenore.
620 1354 673 1424 lta
701 1347 842 1425 infectis
866 1347 998 1441 rebus,

179 1466 334 1565 populus
362 1467 588 1568 contemptui
612 1466 785 1564 habitus,
815 1493 890 1543 non
921 1465 999 1546 sine

180 1585 338 1682 pernicie
352 1589 437 1684 aad,
453 1587 606 1664 domum
620 1586 780 1666 discedit.

386 1994 393 2006 δ
437 1888 629 1978 onrur
666 1890 740 1963 rx.

229 2071 333 2144 Dum
348 2065 468 2162 serutd
480 2063 539 2140 die
550 2091 613 2140 rex
626 2066 771 2138 hortatu
779 2059 941 2138 Hecubae
952 2057 998 2136 ad
1055 2133 1058 2138 .

181 2187 363 2263 Helenam
374 2183 447 2256 edit
457 2239 470 2278 ,
488 2209 641 2283 eamque
656 2180 812 2282 benigne
825 2178 999 2270 salutans,
1114 2189 1118 2196 '

181 2305 349 2394 animum
383 2303 523 2376 bonum
561 2299 615 2378 uti
648 2313 791 2402 gereret
815 2297 996 2383 hortatum

147 2455 150 2459 ·
183 2452 264 2526 quae
287 2422 462 2522 cujusque
485 2434 597 2513 esset,
624 2415 786 2519 requirit.
820 2419 920 2490 Tum
940 2413 999 2491 illa

182 2538 378 2622 Alexandri
386 2564 423 2612 se
433 2535 591 2612 adfinem
600 2534 785 2634 respondit
790 2531 1000 2634 ,magisque

184 2661 230 2733 ad
242 2656 429 2732 Priamum
446 2669 482 2730 et
495 2653 710 2749 Hecubam,
725 2678 836 2754 quam
849 2650 896 2724 ad
908 2647 1002 2722 Plis-

183 2776 300 2853 thenis
311 2772 727 2876 sdiosgenerepertinere
733 2765 1002 2870 ,repe'tensorl

184 2897 308 3001 ginem
330 2919 481 2971 omnem
504 2891 698 2993 majorum.
719 2894 885 2964 Danaum
900 2885 999 2961 enim

184 3033 293 3116 utque
307 3017 538 3118 Agenorem,
553 3025 589 3086 et
601 3009 655 3084 sui
668 3025 704 3084 et
714 3007 848 3082 Priami
860 3003 1004 3108 generis

183 3149 347 3209 auctores
368 3159 455 3207 esse.
472 3131 644 3233 Namque
658 3158 703 3204 ex
718 3128 864 3204 Pleiond
884 3121 1004 3200 Danai
1110 3169 1113 3176 ,

184 3254 257 3329 filie
283 3267 319 3324 et
343 3251 511 3345 Atlante,
527 3251 706 3326 Electram
720 3265 842 3322 natam
850 3304 863 3342 ,
888 3269 1000 3346 quam

186 3399 229 3448 ex
240 3374 329 3447 Jove
343 3369 527 3471 gravidam
539 3369 750 3442 *Dardanum
763 3363 945 3469 genuisse,
956 3387 1000 3436 ex
