2302 4026
203 253 293 350 ¹1‘48
403 273 581 328 ennnne
608 271 663 322 nn
691 261 850 322 rnorn:
879 311 895 320 .

221 409 339 494 atque
356 407 518 466 extrema
544 403 796 479 metuentem,
822 384 1038 484 imperfecto

111 541 114 554 ¹
159 553 161 556 ·
196 510 368 614 negotio
393 511 439 583 ab
458 505 617 584 exercitu
638 503 797 578 dimittit.
818 505 904 577 Hoc
924 502 1038 576 modo

194 690 202 708 .
223 643 405 706 conventu
418 625 614 717 dissolute,
625 622 756 724 singuli
767 648 871 724 reges
882 622 927 695 ad
942 624 1041 722 Aga-

222 772 460 823 memnonem
474 744 631 835 adeunt,
651 767 808 842 eumque
822 739 945 812 multis
956 763 1041 836 pro·

220 865 297 940 bris
310 864 547 966 insequuntur
562 891 571 933 ι
587 859 722 959 quippe
736 857 798 958 qui
811 858 859 932 ob
874 882 1040 930 amorem

197 1065 200 1072 ,
221 983 371 1081 captivae
385 978 566 1072 mulieris,
584 992 715 1077 seque,
730 991 790 1070 et,
810 975 909 1076 quod
922 974 1042 1077 indig-

224 1098 414 1190 nissimum
428 1096 638 1187 videretur,
651 1091 741 1169 tanti
757 1091 914 1166 numinis
929 1092 1041 1164 deum

199 1287 206 1298 .
224 1213 451 1313 contemptui
475 1211 656 1292 habuisset
675 1239 684 1280 ε
703 1237 744 1286 ae
773 1234 861 1285 mox
885 1207 1043 1284 universi

204 1393 208 1403 .
223 1333 395 1422 exsecrati
410 1332 620 1424 deseruere,
629 1329 679 1403 ob
688 1328 796 1428 idque
811 1343 848 1409 et
859 1352 1042 1400 memores

204 1537 209 1547 ¹
224 1449 425 1558 Palamedis
438 1505 451 1544 ,
464 1457 588 1550 'quem
610 1461 755 1548 gratum
780 1433 1042 1546 acceptumque
1111 1481 1115 1490 ·
1130 1509 1131 1554 p

198 1643 201 1652 ,
225 1571 263 1644 in
278 1567 456 1659 exercitu,
469 1564 566 1650 hand
579 1563 655 1638 sine
669 1561 815 1638 consilio
835 1563 912 1662 'ejus
928 1618 940 1656 ,
954 1563 1044 1636 Dio-
1130 1607 1131 1614 κ

203 1769 208 1781 ,
226 1688 352 1762 medes
360 1701 468 1786 atque
479 1682 629 1784 Ulysses
638 1680 723 1753 dolo
734 1681 1042 1773 circiunventum,

199 1877 202 1884 ,
228 1803 654 1886 necavissent.Caete1um
669 1797 824 1874 Achilles
836 1798 947 1877 inore
962 1825 1044 1872 om·
1130 1835 1131 1840 ,

201 1995 205 2004 .
229 1924 355 2016 nium,
368 1921 560 2021 ipsumque
575 1933 611 1993 et
628 1915 835 1998 Menelaum
851 1927 1043 2004 contume-

230 2036 483 2120 liislacerabat.

445 2234 651 2306 cnrur
686 2235 871 2318 xxx„
919 2306 930 2320 ,
977 2207 979 2212 ’
1075 2181 1080 2189 ’

282 2392 426 2461 leiren
438 2385 594 2485 Chryses
605 2384 848 2484 nbiinjuriam
860 2410 1049 2483 perpessus
1121 2375 1129 2445 :¹

183 2561 187 2570 .
233 2503 279 2578 ab
294 2507 567 2605 Agamemnone
581 2503 734 2574 domum
748 2503 1049 2604 discessit‚neque

235 2620 535 2722 multilluxerunt
548 2617 622 2692 dies
634 2673 647 2712 ,
666 2616 844 2706 incertum
858 2618 972 2698 alione
986 2647 1049 2696 ca-

237 2763 279 2811 su
288 2795 301 2836 ‚
318 2767 364 2820 an
374 2793 387 2830 ‚
399 2736 454 2809 uti
464 2734 634 2811 omnihus
648 2735 835 2810 videbatur
841 2792 855 2831 ‚
867 2736 919 2810 irt
931 2738 1052 2838 Apol-

236 2855 339 2949 linis,
357 2849 506 2927 morbus
529 2841 972 2954 gravissimusexercitum
993 2857 1053 2934 in-

211 3067 218 3081 „
238 2973 355 3068 vadit,
373 2970 551 3071 principio
564 2972 746 3073 grassandi
767 2973 862 3054 facto
876 3003 896 3050 a
908 2975 1052 3074 pecori·
1127 2961 1129 3030 3

239 3091 308 3164 bus
322 3118 331 3160 r
347 3087 430 3164 dein
438 3087 535 3171 mulo
543 3089 728 3188 paullatim
740 3090 855 3192 magis
866 3092 1053 3197 magisque
1128 3081 1129 3086 Ἰ

209 3289 214 3298 ,
241 3208 531 3312 ingravescente,
551 3231 617 3304 per
638 3207 802 3282 homines
824 3209 1051 3314 dispergitur.
1127 3193 1129 3212 ἦ

242 3327 344 3430 Tum
361 3349 447 3409 vero
460 3324 512 3403 ris
523 3351 656 3431 magna
668 3324 878 3409 mortalium
895 3328 1055 3435 corpori·
