2246 4016
275 265 732 320 n1vaannnn1nn
866 243 915 343 59

90 383 172 460 ticio
194 381 378 458 adornant
402 414 410 454 :
436 409 551 484 quum
573 408 655 456 ecce
673 382 749 458 dies
762 381 915 477 foedari,

91 518 128 576 et
140 499 277 578 coelmn
294 499 419 574 nubilo
435 499 510 604 tegi
523 497 652 597 coepit:
669 499 752 574 dein
765 515 917 598 repente
1102 501 1104 552 ἓ

92 619 278 714 tonitrua,
301 641 449 694 corusca
473 618 651 712 fulmina,
665 633 835 718 praeterea
849 634 920 694 ter·
940 659 945 682 ι

94 767 144 814 1·oe
156 737 343 838 marisque
355 737 483 840 ingens
494 753 639 834 motus,
652 753 761 839 atque
774 737 820 811 ad
835 763 920 838 pos·

98 873 262 933 tremum
275 856 490 933 confusione
498 855 591 931 aeris
603 873 770 957 ereptum
782 855 929 933 lumen:

101 977 242 1076 Neque'
263 973 381 1052 multo
400 991 484 1075 post
495 974 670 1050 imbnnm
685 977 794 1078 atque
815 1002 924 1082 gran·

103 1094 198 1170 dinis
221 1093 275 1170 vis
300 1121 434 1197 magna
456 1093 688 1195 praecipitata.
719 1099 818 1171 Inter
845 1123 924 1198 quae

106 1229 182 1290 tam
196 1214 423 1309 tet1a‚‘nullt
442 1214 566 1315 requie
585 1214 827 1314 tempestatis,
845 1218 927 1292 Me-

107 1333 232 1410 nelaus
244 1361 332 1410 cum
347 1333 402 1410 his
418 1333 482 1436 qui
499 1332 713 1408 sacrificium
730 1335 927 1430 curabant,

110 1467 214 1528 metu·
232 1467 344 1554 atque
371 1451 583 1527 hesitatione
610 1450 771 1528 diversus
794 1446 931 1558 ageba-

111 1586 171 1644 tur
204 1602 213 1644 ε
241 1568 372 1645 terreri
402 1569 538 1672 quippe
564 1569 685 1668 primo
709 1571 827 1646 subita
850 1572 931 1649 coeli

111 1689 414 1792 permutatione,
453 1687 565 1790 idque
594 1688 739 1792 signum
768 1691 933 1770 divinum

110 1809 260 1884 medere
273 1840 282 1882 ε
299 1808 385 1884 dein
394 1836 440 1883 ne
453 1823 613 1908 coeptum
627 1807 860 1906 omitterent,
873 1811 934 1888 de·

111 1927 288 2004 trimento
298 1927 458 2002 militum
467 1927 703 2002 commoveri.
715 1928 830 2029 Igitur
840 1929 936 2006 inter

3 2087 8 2096 ·
115 2061 253 2122 tantam
267 2043 380 2118 animi
391 2042 675 2139 dubitationem,
689 2071 759 2122 vox
770 2050 936 2148 quaedam

114 2165 198 2240 luco
225 2161 377 2255 emissa,
404 2161 588 2259 aspernari
614 2189 753 2239 numen
773 2165 938 2241 sacrificii

116 2309 256 2388 genus,
282 2296 320 2356 et
341 2279 390 2354 ob
406 2278 445 2352 id
460 2278 715 2355 abstinendum
738 2311 759 2355 a
785 2309 939 2384 corpore

115 2400 294 2504 ⁴virginis5
324 2396 489 2472 misereri
513 2425 672 2498 namque
699 2402 777 2501 ejus
804 2403 937 2478 deam:

120 2535 293 2595 caete'mm
311 2544 378 2617 pro
398 2532 499 2592 tanto
515 2513 699 2611 facinore,
715 2519 797 2592 satis
815 2547 942 2618 poena·

124 2665 209 2715 rum
233 2635 506 2742 Agamemnoni
530 2665 551 2710 a
577 2637 732 2739 conjuge
758 2625 835 2738 ejus
860 2657 943 2740 post

28 2815 33 2821 -
125 2757 326 2857 Troianam
335 2754 523 2831 victoriam
531 2771 782 2854 comparatum
798 2758 945 2860 :itaque

126 2892 296 2954 curarent
311 2875 370 2970 id,
389 2876 489 2977 quod
500 2873 539 2948 in
554 2873 671 2950 vicem
683 2874 830 2978 virginis
842 2878 947 2952 obla-

131 3010 210 3069 tum
236 2993 590 3086 animadverterent,
618 2992 822 3068 immolare.
852 2995 948 3072 Dein
1073 3066 1078 3072 .

127 3141 272 3213 coepere
290 3113 388 3188 venti
400 3129 508 3214 atque
519 3111 697 3208 fulmina,
715 3112 855 3216 aliaque
869 3144 950 3218 quae

129 3230 170 3307 in
190 3260 329 3338 magno
352 3233 441 3352 ⁰⁰³5,
454 3247 559 3311 motu
574 3230 663 3310 oriri
679 3231 793 3310 solent
802 3289 817 3331 ,
830 3261 954 3313 conse·

19 3419 20 3422 ,
132 3375 290 3429 noscere.

1052 3194 1089 3291 'k
