2262 4038
206 269 270 338 182
391 293 564 342 evenne
593 295 648 340 uu
675 294 829 344 raom.

381 543 385 552 ’
469 593 663 662 cnrnr
700 593 747 662 x.

247 757 312 836 'Ar
328 785 416 838 vero
433 762 575 840 Helena
589 763 747 844 Menelai
767 789 880 858 uxor,
901 787 1023 865 quum

200 875 407 956 Alexander
423 878 461 952 in
477 880 592 956 insula
612 883 794 984 Cytherea
807 896 924 974 esset,
946 881 1024 978 pla·
1105 873 1109 990 l

202 995 276 1094 euit
291 996 324 1070 ei
338 1023 383 1073 eo
400 997 463 1074 ire.
479 1001 561 1101 Qua
573 1000 619 1076 de
633 1026 755 1075 caussa
767 1000 813 1073 ad
825 999 926 1072 littus
937 1023 1026 1096 pro·
1107 991 1109 1014 ‘

202 1113 305 1192 cessit
325 1115 387 1188 uhi
405 1116 528 1190 Dianae
548 1133 584 1191 et
599 1116 775 1214 Apollinis
793 1117 923 1190 fanum
941 1130 1021 1190 est:
1107 1135 1109 1220 j

201 1229 252 1304 ibi
267 1258 345 1304 rem
363 1232 521 1308 divinam
537 1234 680 1310 Helena
697 1235 815 1309 faeere
831 1233 1022 1334 disposue·
1108 1331 1109 1336 ἵ

201 1363 271 1429 rat.
287 1349 396 1448 Quod
412 1350 472 1424 ubi
490 1351 702 1428 nunciatum
719 1367 773 1426 est
786 1350 999 1425 Alexandm
1008 1405 1022 1444 ,
1107 1357 1109 1408 t

203 1465 387 1564 Helenam
406 1468 454 1542 ad
471 1496 573 1544 mare
591 1469 750 1564 venisse,
768 1468 933 1544 conscius
948 1468 1026 1542 for·

202 1611 273 1658 mae
287 1611 377 1680 suae,
390 1584 428 1658 in
440 1603 634 1686 conspectu
651 1588 730 1687 ejus
747 1584 935 1660 ambulare
949 1611 1024 1660 coe-
1107 1611 1109 1664 j

203 1702 280 1799 pit,
295 1703 444 1801 cupiens
456 1731 538 1778 eam
555 1703 689 1780 videre.
705 1703 857 1781 Helenae
874 1701 1023 1776 nuncia·
1105 1723 1109 1836 d

204 1833 285 1894 tum
299 1837 375 1908 est,
390 1822 637 1898 Alexandrum
650 1821 785 1897 Priami
795 1820 892 1921 regis
905 1819 1022 1892 filium

202 1939 252 2014 ad
269 1939 469 2038 oppidum,
494 1940 558 2019 ubi
581 1939 726 2020 Helena
750 1953 848 2032 erat,
869 1937 1019 2013 venisse.

205 2059 328 2157 Quem
359 2058 469 2132 etiam
499 2057 577 2154 ipsa
608 2057 729 2134 videre
760 2055 941 2153 cupiebat.
977 2058 1021 2128 Et

205 2201 322 2277 quum
337 2201 376 2249 se
390 2174 535 2276 utrique
548 2175 804 2273 respexissent,
817 2173 930 2246 ambo
942 2173 1020 2248 for·

203 2317 267 2368 ma
280 2319 344 2367 sua
356 2293 513 2387 incensi,
532 2308 677 2392 tempus
692 2292 870 2366 dederunt
883 2305 924 2363 ut
938 2317 1022 2392 gra-

209 2411 275 2486 tias
288 2412 477 2486 referrent.
490 2411 696 2486 Alexander
704 2409 860 2509 imperat
867 2464 881 2502 ,
893 2435 1021 2484 omnes

208 2530 302 2604 utin
324 2530 473 2608 navibus
490 2530 561 2606 sint
581 2528 725 2628 parati,
751 2543 858 2604 nocte
874 2527 1019 2603 classem

208 2648 368 2742 solvant,
390 2649 435 2722 de
457 2648 543 2722 fano
566 2647 749 2728 Helenam
771 2645 944 2745 eripiant,
967 2673 1021 2720 se·

208 2792 294 2842 cum
310 2745 391 2838 enni
409 2765 586 2838 auferant.
602 2763 715 2866 Signo
726 2764 811 2838 dato
828 2763 956 2836 fanum
969 2762 1021 2836 in-

208 2899 398 2976 vaserunt,
419 2881 602 2959 Helenam
617 2881 825 2960 inviolatam
845 2880 1020 2980 eripiunt,

211 3003 250 3075 in
267 3027 397 3076 navem
420 2999 612 3096 deserunt,
631 3017 667 3078 et
688 3028 774 3078 cum
797 3028 838 3074 ea
856 2999 1020 3074 mulieres

213 3119 349 3218 aliquas
390 3118 653 3218 depraedantur.
697 3119 808 3221 Quod
852 3115 1018 3216 oppidani

214 3263 330 3336 quum
355 3236 548 3331 vidissent,
573 3237 635 3312 diu
660 3250 912 3341 pugnaverunt
941 3261 1018 3309 eum

214 3351 444 3450 Alexandro,
466 3383 512 3432 ne
529 3354 712 3432 Helenam
735 3355 876 3454 eripere
897 3367 1020 3452 posset.
