2296 4024
225 287 275 381 48
416 278 595 362 cunnus
623 309 858 386 uarnorp.

147 519 149 525 k
227 423 403 501 'Polixe'uo
411 423 512 501 Elide
521 424 668 526 aliisque
680 425 881 502 civitatibus
890 421 1063 526 regionis

230 542 329 642 ejus,
356 549 463 620 naves
489 571 539 616 xu
565 573 573 614 ε
604 543 725 617 Thoas
751 571 795 617 ex
820 540 953 620 AEtolia
969 569 1055 613 xn:

230 662 355 764 Meges
375 687 419 735 ex
434 659 600 735 Dulichio
614 675 650 734 et
663 687 707 734 ex
719 659 842 734 insulis
855 657 1061 734 Echinadi-

229 777 296 850 hus
307 833 320 871 ‚
354 807 404 850 xn
426 777 672 854 :Idomeneus
703 805 788 854 cum
821 777 987 853 Merione'
1007 803 1060 850 ex

230 896 334 969 omni
357 899 465 971 Cretd
495 895 644 971 classem
671 896 818 972 navium
834 925 973 970 Lxxx:
1006 921 1059 969 ex
1123 893 1125 900 ⁴

230 1015 351 1088 Ithaci
365 1014 515 1115 Ulysses
527 1045 586 1088 x11
602 1048 609 1088 :
623 1044 673 1087 xr,
687 1016 865 1090 Prothous
876 1003 1054 1114 Magnes:

231 1131 465 1229 Tlepolemus
494 1135 650 1227 Rhodo,
676 1133 822 1234 aliisquo
849 1132 1057 1205 circaeam

232 1249 376 1343 insulis,
390 1279 465 1324 v111
483 1281 491 1321 ε
509 1280 550 1322 x1
563 1248 734 1324 Eumelus
741 1249 864 1323 Pheris
874 1245 888 1320 ε’
895 1247 1059 1322 Achilles

230 1393 278 1441 ex
290 1366 472 1472 Pelasgico
491 1397 512 1440 n
531 1399 538 1439 :
556 1397 603 1441 111
621 1367 755 1443 Nireus
768 1395 813 1442 ex
824 1371 934 1468 Syme
954 1367 1059 1439 :Po-

233 1485 358 1561 darces
383 1501 419 1560 et
436 1483 650 1561 Protesilaus
663 1513 707 1560 ex
725 1484 880 1586 Phylaci
904 1483 1076 1584 aliisque'

231 1605 367 1706 'quibus
389 1621 565 1706 praeerant
591 1604 699 1700 locis,
724 1631 831 1680 naves
857 1632 906 1675 xn
934 1634 942 1674 ε
966 1629 1057 1702 xxx

234 1724 435 1796 Podalirius
462 1737 498 1797 et
515 1721 695 1796 Machaon
720 1750 728 1791 :
756 1717 952 1794 Philotecta
976 1721 1061 1794 Me-

236 1842 348 1915 thond
360 1839 508 1941 aliisque
522 1837 740 1933 civitatibus,
754 1864 861 1914 naves
875 1865 934 1914 vn
959 1868 967 1908 :
983 1840 1060 1911 Eu-

123 1988 137 2034 ·.
237 1956 389 2061 rypylus
402 1955 600 2033 Ormenius
611 1986 661 2030 xn
679 1987 687 2029 :
704 1985 793 2030 xxu
810 1959 958 2033 Guneus
970 1959 1062 2032 Per-

238 2075 387 2150 rhaebis:
404 2079 586 2152 Leonteus
598 2091 634 2150 et
648 2074 852 2178 Polypoetes
866 2103 910 2151 ex
921 2074 994 2150 suis
1006 2101 1063 2150 re-

241 2190 408 2299 gionibus
420 2223 497 2268 xi:
517 2223 601 2269 xxx
620 2223 662 2270 ex
676 2193 798 2267 insulis
811 2193 1039 2296 congregatis
1048 2250 1063 2289 ,

242 2339 327 2391 eum
352 2313 515 2414 Antipho
540 2313 742 2413 Phidippus
773 2342 781 2384 ε
812 2311 1064 2388 Thessandrus

243 2461 355 2533 quem
389 2427 570 2536 Polynieis
605 2456 713 2532 supra
743 2430 1064 2526 memoravimus,

244 2547 381 2626 Thebis
400 2575 508 2622 naves
534 2578 555 2618 u
570 2583 579 2618 ;
595 2551 742 2622 Calchas
755 2551 957 2622 Acarnanid
978 2579 1033 2622 xx
1052 2582 1062 2622 :

245 2670 398 2765 Mopsus
413 2665 627 2764 Colophonii
643 2693 699 2738 xx
722 2694 730 2736 :
750 2664 860 2764 Epios
875 2693 920 2740 ex
940 2666 1064 2742 insulis

247 2784 465 2888 Cycladibus
482 2812 581 2857 xxx.
611 2787 752 2886 Easque
773 2785 958 2887 magndvi
986 2787 1004 2860 f
1044 2828 1066 2846 ··

249 2903 383 2998 menti,
394 2903 620 3003 aliorumque
634 2904 914 2979 necessariorum
925 2905 996 2981 cibi
1009 2933 1068 2983 re·

251 3023 363 3123 plent.
382 3019 528 3122 Quippe
546 3019 596 3094 ita
608 3020 654 3094 ab
666 3022 945 3123 Agamemnone
959 3051 1070 3098 man-

252 3143 380 3217 datum
403 3156 633 3240 acceperant3
663 3139 864 3216 scilicetne
891 3159 990 3216 tanta
1017 3145 1069 3220 vis

253 3259 413 3337 militurn
446 3257 729 3338 necessariorum
760 3260 911 3362 penurii
940 3261 1068 3365 fatiga-

151 3421 154 3431 =
253 3394 364 3457 retur.
