2262 4038
275 333 448 387 surana
476 335 530 384 ur
558 335 711 384 rno1r.
833 307 901 383 185

87 449 188 548 Quos
203 447 412 523 Alexander
423 435 537 522 fretus
550 445 780 522 multitudine
794 445 906 520 socio·

88 593 171 640 rum
189 565 369 665 superavit
376 622 389 660 ,
403 565 530 641 fanum
544 565 771 665 exspoliavit,
784 560 906 639 horni-

91 707 154 757 nes
171 709 295 758 secum
309 683 598 785 quamplurimos
611 681 771 783 captivos
783 681 885 758 duxit
892 735 906 776 ,

91 800 129 876 in
152 800 274 879 navim
299 801 494 900 imposuit,
515 793 664 878 classem
688 799 812 894 solvit,
832 799 910 873 do«

93 943 198 991 mum
211 917 344 994 reverti
362 905 558 1018 disposuit,
573 918 612 992 in
624 920 911 1018 portum‘Tene·

95 1033 168 1109 don
181 1035 345 1134 pervenit
352 1035 441 1130 ‚uhi
453 1035 635 1110 Helenam
648 1049 814 1110 moestam
827 1033 913 1106 allo·

95 1152 182 1252 quio
205 1153 406 1256 mitigavit,
428 1153 523 1251 patri
541 1154 594 1227 rei
612 1168 720 1254 gestae
737 1150 913 1228 nuncium

94 1269 205 1372 misit.
231 1270 396 1347 Menelao
418 1286 613 1371 postquam
638 1271 676 1344 in
700 1270 791 1372 Pylo
815 1299 913 1358 nun-

96 1389 231 1465 ciatum
253 1381 327 1485 est',
354 1415 438 1464 cum
464 1391 621 1464 Nestore
640 1393 806 1487 Spartam
823 1415 914 1488 pro-

96 1505 212 1582 fectus
240 1522 315 1600 est,
344 1505 391 1580 ad
413 1509 733 1608 Agamemnonem
761 1507 914 1584 fratrem

97 1623 196 1702 misit
207 1625 349 1729 Argos,
364 1649 495 1730 rogans
509 1640 550 1703 ut
563 1625 610 1703 ad
623 1651 660 1704 se
674 1624 804 1707 veniat.
911 1615 914 1622 ¹

215 2343 249 2375 ²
360 2369 554 2442 carun
586 2361 700 2473 nn

7 2547 10 2554 “
155 2565 328 2637 laruam
353 2559 560 2636 Alexander
580 2561 793 2660 ad'patrem
814 2585 920 2671 suum

105 2677 331 2776 cum-praeda
352 2679 539 2777 pervenit,
562 2695 599 2754 et
624 2679 677 2754 rei
695 2694 803 2782 gestae
824 2658 935 2786 ordi-x

105 2823 193 2872 uem
214 2797 337 2872 refert.
354 2796 519 2872 Priamus
531 2797 672 2900 gavisus
685 2813 758 2892 est,
775 2819 922 2896 sperans
949 2813 953 2817 ’

105 2917 250 2992 Graecos
262 2941 384 2990 caussa
398 2914 680 3014 recuperationis
693 2915 848 2990 Helenae
865 2941 923 2989 so·

104 3059 229 3114 rorem
250 3031 452 3108 Hesionam
476 3030 701 3127 reddituros,
720 3047 757 3108 et
779 3060 923 3134 eaquae

113 3151 249 3226 iudea
278 3151 447 3254 Trojanis
480 3151 709 3228 abstulerant.
742 3150 925 3227 Helenam

103 3283 272 3346 moestam
294 3268 498 3344 consolatus
519 3285 593 3364 est,
610 3284 646 3343 et
665 3294 747 3344 eam
769 3269 925 3343 Alexan-
990 3279 992 3286 ’

103 3387 172 3462 dro
194 3386 516 3488 conjugem'de'dit
544 3419 553 3460 ε
578 3413 690 3489 quam
721 3401 762 3462 ut
788 3386 924 3486 aspexit
