2302 4026
323 271 486 324 nrvnn
526 271 735 327 secono.
868 248 942 350 167

123 383 206 458 dein
235 383 464 486 consilium,
493 384 763 520 incoeptuque
797 385 945 462 Achillis

125 499 275 604 singulis
299 502 436 600 aperit:
428 530 522 604 .quo
537 504 712 607 cognito,
734 504 897 579 clamor
886 533 947 578 m-

126 643 216 718 gens
230 616 368 714 oritur,
379 621 629 696 festinantibus
640 621 796 696 adarma
810 622 946 698 cunctis

129 763 171 812 ae
183 763 351 812 seorsum
364 738 432 812 srbr
442 739 589 842 singulus
603 740 879 816 consulentibus.
893 745 948 814 lta

130 853 289 928 Achilles
301 881 476 953 praeverso
496 858 541 931 de
557 885 595 932 se
609 858 769 953 nuncio,
791 857 854 944 ubi
867 883 949 930 om-

130 997 195 1046 nes
203 997 241 1048 lu
252 972 475 1067 armissunt,
489 1001 606 1076 neque
615 991 741 1050 conata
751 961 951 1073 procedere

130 1105 291 1190 qucum,
305 1089 481 1165 intentato
498 1093 644 1194 negotio
657 1094 703 1167 ad
726 1093 879 1168 tentoria
892 1120 950 1168 re-

131 1208 308 1309 greditur.
326 1211 383 1284 Ac
396 1236 484 1284 mox
496 1211 605 1285 duces
618 1211 730 1284 nostri
743 1212 809 1285 rati
824 1239 950 1310 repen·

132 1326 210 1403 tino
233 1354 383 1402 suorum
399 1328 556 1404 clamore
573 1330 711 1404 moveri
731 1330 893 1424 Ilienses,
911 1345 948 1404 et

133 1444 948 1551 obidnoviquidnegotiiincoepturos,augen-

133 1562 190 1636 dae
205 1564 375 1640 custodiae
389 1565 672 1659 causd,mittuut
687 1565 778 1638 duos
796 1567 924 1667 Ajaces
932 1623 947 1661 ,

131 1679 354 1758 Diomedem
379 1698 488 1782 atque
511 1682 702 1784 Ulyssem,
720 1683 829 1782 hique
854 1681 949 1756 inter

133 1825 171 1872 se
196 1799 411 1901 regionem,
431 1827 503 1900 qua
526 1799 687 1873 hostibus
708 1798 824 1872 aditus
845 1815 946 1894 erat,

60 1958 67 1970 ¹
133 1917 365 2018 dispertiunt..
383 1919 473 2019 Quae
491 1945 547 1992 res
568 1943 642 1992 non
658 1922 789 1992 frustra
806 1944 867 1993 eos
884 1918 948 1992 ha-

130 2037 223 2112 buit.
238 2040 411 2138 Namque
427 2039 524 2137 apud
538 2038 690 2139 Trojam
709 2043 851 2114 Hector
864 2065 948 2114 cau-

133 2153 399 2230 samtumultus
412 2181 540 2230 eorum
552 2149 702 2254 cupidus
710 2155 969 2261 permiscere„
1088 2163 1092 2172 ’

133 2271 251 2348 filium
270 2273 443 2348 Eumedis
456 2273 638 2348 Dolonem
657 2273 780 2348 multis
792 2274 948 2374 praemiis

130 2389 390 2492 promissisque
403 2390 636 2472 inlectumad
650 2407 878 2489 postremum
894 2391 949 2466 uti

130 2507 360 2606 exploratum
380 2535 439 2586 res
459 2511 672 2586 Graeoorum
688 2509 947 2610 egrederetur,

131 2624 244 2700 mittit
260 2623 386 2725 :isque
405 2650 480 2702 nou
496 2625 605 2727 longe
622 2654 643 2698 a
659 2627 810 2704 navibus
825 2626 949 2705 avidus

132 2747 256 2849 ignara
297 2744 576 2848 cognoscendi,
606 2746 700 2820 dum
736 2748 836 2848 cupit
868 2773 949 2823 sus-

133 2866 226 2965 cepti
255 2863 394 2968 negotii
423 2864 542 2940 fidem
558 2866 768 2968 complere,
791 2867 841 2976 in¹
865 2895 949 2944 ma-

131 3012 197 3059 nus
209 2984 421 3080 DiomediS,
434 2983 497 3088 qui
511 3013 595 3080 eum
608 2985 730 3086 locum
743 3014 828 3064 cum
840 2988 950 3088 Ulys-

131 3103 404 3182 secustodiebat
416 3160 429 3200 ,
460 3104 604 3179 devenit
625 3137 634 3178 ι
656 3132 698 3181 ac
721 3130 809 3178 mox
823 3107 874 3188 ,ab
894 3104 949 3181 his

129 3225 412 3324 comprehensus
439 3224 551 3302 refert
571 3241 697 3304 cuncte
708 3281 723 3323 ,
751 3241 859 3330 utque
883 3250 951 3332 0c‹v

129 3341 270 3426 ciditur.
