2262 4038
210 283 279 380 186
393 333 568 382 curare
597 333 649 382 nr
677 329 834 382 'rnolm

205 445 423 540 Cassandra,
448 445 634 522 vaticinari
661 445 790 546 coepit,
814 461 1038 520 memorans
1107 529 1108 532 ,

205 587 344 664 eaquae
365 579 447 647 ante
466 563 688 666 praedixerat.
711 568 835 668 Quam
858 562 1037 637 Priamus
1107 589 1109 676 }

205 675 363 758 abstrahi
393 698 429 758 ct
453 681 590 760 includi
613 683 728 786 jussit.
764 686 1035 787 Agamemnon
1108 679 1109 756 ᾖ

205 813 399 900 postquam
420 805 589 901 Spartam
617 801 740 898 venit,
766 803 921 922 fratrem
936 825 1035 875 con-

206 916 338 992 solatus
350 936 403 994 est
410 976 425 1015 ,
440 936 476 997 et
487 917 642 1022 placuit,
660 939 701 999 ut
715 949 782 1022 per
795 937 913 997 totam
925 921 1035 995 Grae-

207 1031 301 1108 ciam
317 1039 550 1140 conquesturi
571 1039 804 1122 mitterentur
824 1038 871 1114 ad
893 1063 1036 1123 conro-

207 1153 341 1230 candos
353 1158 517 1253 Graecos,
535 1173 572 1232 et
592 1159 760 1260 Trojanis
780 1157 920 1232 bellum
933 1153 1033 1230 indi·

209 1272 379 1352 cendum.
391 1279 650 1354 Convenerunt
662 1294 783 1356 autern
799 1277 837 1352 hi
849 1307 858 1348 ι
872 1273 1037 1352 Achilles

211 1415 298 1464 cum
331 1394 519 1490 Patroclo,
548 1395 746 1500 Euryalus,
775 1392 1034 1494 Tlepolemus,

145 1588 150 1593 ,
212 1506 421 1590 Diomedes.
452 1517 651 1617 Postquam
678 1519 845 1615 Spartam
868 1537 1037 1588 accessa·
1108 1603 1109 1606 Ἴ

215 1645 320 1724 runt,
350 1631 586 1712 decreverunt
607 1632 757 1736 injurias
782 1623 1034 1733 Troianorum

216 1749 403 1852 persequi,
427 1751 625 1828 exercitum
650 1768 686 1828 et
709 1751 857 1827 classem
881 1773 1036 1847 compa-

218 1894 310 1942 rare.
348 1871 668 1970 Agamemnonem
706 1869 970 1967 imperatorem
1002 1879 1036 1942 et

221 1987 351 2062 ducem
368 1987 580 2084 praeficiunt.
598 1992 704 2062 Tunc
727 1987 863 2089 legatos
888 1989 1037 2062 mittunt

222 2105 1038 2204 pertotamGraeciam,utconveniantcumclas·

224 2223 320 2296 sibus
332 2237 367 2297 et
382 2222 718 2328 exercitibusornati
731 2221 864 2322 pariter
873 2224 918 2299 ad
927 2226 1036 2300 Athe-

226 2340 879 2441 niensiumportum,undepariterad
888 2345 1036 2444 Trojam
1107 2357 1109 2364 ⁴

138 2515 141 2520 .
169 2541 172 2546 ,
226 2456 517 2555 proficiscantur,
535 2443 580 2533 ad
595 2447 837 2534 defendendas
850 2485 931 2534 suas
942 2460 1036 2562 inju-

226 2575 309 2648 rias.
324 2579 522 2668 'Castor'et
545 2576 672 2652 Pollux
694 2575 734 2650 in
757 2577 913 2672 recenti,
942 2597 1037 2678 post·

131 2791 140 2798 ι
229 2719 339 2793 quarn
356 2695 547 2789 audierunt
565 2693 746 2774 Helenam
765 2719 929 2770 sororem
941 2723 1037 2772 suam

229 2828 398 2915 raptam,
432 2840 562 2891 navem
594 2813 831 2890 ascenderunt
865 2829 902 2888 et
935 2822 1038 2893 secuti

230 2947 328 3006 sunt.
355 2930 474 3006 Lesbo
503 2930 624 3012 navim
653 2929 856 3026 solverunt,
888 2935 1036 3009 maxima

232 3061 447 3148 tempestate
477 3049 659 3148 correpti,
692 3073 873 3151 nusquam
895 3078 1038 3159 compa·

178 3217 186 3232 ·
233 3179 409 3262 ruerunt:
426 3182 549 3265 postea
570 3165 798 3262 dictumest,
817 3193 880 3243 eos
896 3169 1036 3246 immor

176 3335 178 3342 -
235 3282 323 3360 tales
342 3284 466 3362 factos.
491 3289 617 3386 Itaque
637 3286 806 3382 Lesbios,
822 3288 971 3364 navibus
986 3313 1038 3366 eos

235 3402 416 3506 usquead
435 3406 589 3504 Trojam
609 3404 798 3505 quaesitum
822 3405 909 3504 isse,
934 3435 1038 3510 netpre
