2238 4028
272 321 448 371 nonnae
477 301 530 370 nr
557 319 737 372 raom*
824 283 954 380 281³.
985 333 991 345 ·

83 429 245 508 fiturum
259 466 266 506 :
282 434 460 536 simulque
476 435 673 511 exercitum
686 434 852 529 consulit,
861 463 907 509 an

84 549 230 650 placeat
248 553 426 628 Antenori
447 569 482 628 et
502 555 645 648 AEneae5
665 579 751 646 cum
772 553 827 628 his
845 551 910 656 qui
973 631 976 638 ,

10 769 12 776 ⁴
87 695 165 740 una
186 669 341 768 patriam
364 670 618 770 prodiderant,
634 671 790 766 servari,
811 671 910 774 quod

88 785 161 861 illis
174 788 266 864 clam
279 783 593 866 confirmaverant.
613 791 798 866 Exercitus
814 775 910 866 totus

89 905 307 1004 conclamat,
324 907 464 1008 placere
476 908 543 982 sibi
551 938 562 1000 3
575 909 696 1011 itaque
709 899 919 984 convocatis*

46 1075 50 1080 -
90 1021 283 1121 omnibns,¹
309 1027 446 1104 omnia,
462 1053 525 1102 sua
547 1027 719 1103 reddidit.
747 1030 913 1101 Antenor
951 1093 962 1129 ,ι
991 1013 993 1018 ’

90 1160 199 1246 rogat
221 1147 561 1247 Agamemnonem,
586 1161 628 1224 ut
646 1145 713 1221 sibi
729 1144 833 1220 liceat
853 1136 918 1218 di-'

9 1349 11 1378 s
91 1289 189 1337 cere.
206 1265 465 1366 Agamemnon
473 1263 592 1340 dicere
600 1265 715 1363 jubet.
729 1261 917 1361 Principio·

9 1379 10 1386 '
92 1381 262 1454 Antenor
283 1381 414 1483 gratias
438 1381 654 1484 Grajugenis
671 1382 765 1484 agit,
786 1371 914 1454 simul-

96 1523 170 1597 que
195 1491 461 1572 commemorat
486 1497 673 1572 Helenum
699 1515 737 1573 et·
761 1501 921 1574 Cassan-²

94 1613 201 1688 dram
234 1639 383 1712 semper
404 1614 502 1713 patri
523 1613 660 1688 bellom
689 1613 920 1707 dissuasissc‚¹

11 1757 16 1764 ·
96 1730 229 1806 Achilli
252 1731 458 1836 sepulcmm
484 1732 670 1808 Helenum
697 1729 825 1805 dixisse
848 1731 919 1806 do-·
1001 1782 1005 1786 -

98 1849 196 1942 nari,
215 1864 250 1924 et
263 1841 353 1922 dixit
366 1849 551 1924 Helenum
563 1847 688 1923 omnia
700 1847 801 1924 seira.
817 1851 847 1924 A
852 1867 921 1952 g'a··

97 1993 274 2044 memnon
294 1995 338 2043 ex
360 1967 495 2044 consilii
516 1967 690 2044 sententia
710 1967 857 2043 Heleno·
878 1981 922 2044 et'
1030 2041 1033 2052 ,

44 2183 47 2188 Ι
98 2088 306 2164 Cassandrae
321 2086 523 2164 libertatem
536 2087 646 2163 dedit.
664 2087 827 2164 Helenus
843 2113 911 2187 pro

7 2221 9 2232 ’
98 2206 252 2282 Hecuba
288 2221 325 2279 et
353 2206 609 2281 Andromacha
645 2233 774 2310 rogare
805 2205 914 2304 coepit

100 2327 444 2424 Agamemnonem,
473 2350 767 2399 commemorans
791 2324 836 2397 ab
860 2323 915 2398 his

101 2469 245 2541 semper
261 2454 345 2516 eur'n
365 2442 535 2519 dilectum
553 2467 640 2515 ease.
659 2443 927 2541 Agamemnon

102 2559 146 2632 ad
166 2556 354 2632 consilium
376 2559 512 2631 refert:
529 2555 662 2654 placuit
681 2554 748 2630 illis
768 2556 915 2632 liberta·
1000 2639 1005 2646 ,

101 2693 174 2752 tem
183 2674 299 2769 reddi,
309 2701 444 2776 suaque
454 2675 576 2782 omnia
589 2673 740 2769 restitui,
748 2675 913 2774 praedam

102 2819 250 2868 omnem
267 2792 448 2893 aequaliter
463 2792 574 2868 dividi
597 2823 606 2864 z
629 2792 761 2866 hostias
779 2802 815 2866 ct
830 2808 913 2868 vota
991 2832 993 2838 ·

103 2912 238 2988 solvere
244 2940 256 3000 ;
284 2910 486 3012 ecquando
512 2911 840 2990 debeantdomum
862 2937 920 2990 re·
1019 2923 1020 2927 ’
1106 2977 1107 2984 ,

103 3029 192 3114 verti
205 3028 302 3106 diem
316 3029 547 3106 constituere,
