2238 4028
254 325 440 374 ouxnnn
468 325 525 370 nn
552 321 708 389 ruore,
818 293 884 374 261
962 381 974 402 s

242 449 471 568 onrnr
508 497 703 604 xxxv.
761 507 764 514 ⁴

1092 477 1097 596 l

93 681 98 690 ’
127 664 285 752 Demos
305 665 498 748 concilium
520 681 721 766 convocat:
741 665 903 768 Argivos.
1096 654 1098 728 l

75 781 435 886 alloquitur,'placet
464 786 634 860 omnihus
660 786 811 888 utquid
838 784 896 859 fa-

77 902 212 980 ciendo
230 928 322 1004 opus
337 905 404 998 sit,
422 904 472 979 dii
483 905 725 980 consulantur.
747 905 900 1004 Mittunt

78 1022 256 1096 continuo
269 1015 332 1124 qui
345 1022 533 1110 consulere
550 1021 703 1096 debeant
720 1053 728 1094 :
751 1021 813 1123 qui
826 1045 901 1096 res·

81 1165 241 1238 ponsum
251 1139 443 1244 accipiunt,
452 1167 519 1238 per
531 1137 679 1215 Achillis
687 1139 902 1243 progeniem

84 1257 198 1332 finem
215 1258 352 1360 negotii
364 1257 455 1332 fieri.
470 1261 595 1358 Quum
612 1259 690 1332 llaec
706 1257 827 1332 nuncii
843 1285 903 1331 re-

84 1375 269 1471 tulissent,
291 1376 385 1478 Ajax
406 1374 455 1452 ait
476 1406 485 1447 z
509 1380 634 1476 Quum
660 1375 788 1450 Achilli
810 1373 903 1448 lilius

83 1493 353 1591 Neoptolemus
365 1492 539 1592 supersit,
558 1520 643 1568 eum
665 1508 832 1590 oportere
846 1519 905 1566 ac·
958 1509 960 1520 ¹

85 1608 211 1688 cersiri
236 1608 282 1682 ad
312 1610 533 1704 exercitum,
560 1635 601 1684 ut
628 1625 770 1714 patrem
798 1635 906 1684 suum

88 1727 305 1832 ulciscatur:
328 1729 549 1832 tandemque
568 1728 686 1828 placet
709 1731 908 1832 Agamem-

90 1846 180 1940 noni
200 1861 236 1922 et
257 1846 427 1920 omnibus
442 1845 645 1926 consilium.
661 1849 778 1920 Datur
796 1873 909 1948 nego-

91 1957 184 2038 tium
202 1962 395 2038 Menelao:
420 1961 479 2038 hic
496 1967 650 2065 Scyrum
670 1961 909 2063 proficiscitur

93 2080 139 2157 ad
152 2082 404 2182 Lycomedem
428 2108 537 2158 arum
562 2082 641 2181 ejus
662 2112 671 2153 ε
692 2081 849 2180 imperat
870 2096 911 2154 ut

93 2213 267 2296 nepotem
284 2223 390 2270 suum
412 2197 543 2272 mittat.
561 2199 671 2298 Quod
684 2199 911 2300 Lycomedes

94 2313 240 2416 Argivis
261 2314 416 2390 libenter
434 2316 618 2390 concessit.
639 2319 837 2416 Postquam
857 2316 912 2390 in-'

95 2428 210 2504 duciae
232 2430 417 2525 exierunt,
437 2436 696 2533 Agamemnon
712 2433 911 2508 exercitum

93 2547 239 2642 eduxit,
261 2547 425 2642 instruit,
455 2550 631 2622 hortatur.
660 2551 796 2624 Contra
822 2551 912 2626 Tro·

95 2662 170 2768 jani
190 2667 370 2766 prodeunt
387 2666 579 2766 :proelium
598 2666 851 2743 committitur.
868 2672 911 2744 In

95 2783 216 2884 prima
234 2785 308 2860 acie
326 2786 422 2884 Ajax
434 2799 615 2878 versatur,
634 2782 792 2862 clamore
812 2813 913 2891 mag·

32 2941 36 2950 ·
98 2929 147 2978 no
164 2917 258 2978 orto.
280 2901 388 2978 Multi
412 2931 455 2977 ex
469 2918 621 3004 utraque
643 2918 746 3002 parte
766 2905 910 2980 cadunt.

98 3020 303 3096 Alexander
325 3048 450 3096 arcum
478 3036 624 3116 tenens,
647 3021 780 3096 multos
807 3022 915 3098 inter·

49 3161 54 3172 ·
99 3136 329 3240 licit,.Ajaeis
346 3136 439 3214 latus
456 3131 595 3213 nudum
616 3137 706 3242 figit.
726 3139 821 3241 Ajax
837 3167 914 3216 sau·

98 3257 172 3333 cius
185 3283 252 3357 per
262 3257 381 3330 hostes
397 3257 565 3359 persequi
584 3256 832 3332 Alexandrum
847 3257 914 3336 coe·

100 3373 153 3476 pit
173 3401 264 3456 :nec
285 3373 441 3473 destitit,
458 3371 526 3454 nisi
542 3391 796 3476 prosterneret.
820 3376 917 3479 Ajax
