2246 4016
243 369 414 423 uvae
461 340 713 419 insumas
836 341 885 436 45

322 545 515 614 CAPUT
547 539 633 614 XV.

120 713 260 786 Isrrtni
269 709 336 785 ubi
348 707 457 815 Argis
466 697 889 806 convenere,Diomedes
933 733 934 736 ’

80 825 227 925 bospitio
256 846 410 905 cunctos
439 827 594 930 recipit,
623 829 891 929 necessariaque

80 947 215 1042 praebet.
245 948 345 1024 Dein
376 952 632 1052 Agamemnon
659 948 794 1050 grande
815 944 893 1020 auri

80 1065 211 1160 pondus
224 1067 396 1169 Mycenis
409 1069 640 1166 adportatum
655 1095 721 1166 per
735 1065 894 1168 singulos

80 1179 286 1280 dispertiens
298 1240 312 1278 ,
325 1185 570 1284 promptiores
578 1179 718 1260 animos
726 1183 894 1259 omnium

79 1299 120 1372 ad
142 1301 282 1376 bellum
311 1304 412 1404 quod
430 1305 645 1402 parabatur,
672 1303 768 1377 facit.
795 1306 895 1376 Tum
931 1320 933 1326 '

81 1421 260 1494 communi
283 1420 434 1494 consilio
453 1447 562 1518 super
581 1422 787 1495 conditione
799 1445 896 1517 proe-

81 1532 135 1630 lii,
147 1537 406 1638 jusjurandum
419 1537 601 1637 interponi
615 1540 684 1613 hoc
695 1523 808 1612 modo
819 1536 897 1635 pla-

83 1653 171 1726 cuit:
190 1656 346 1730 Calcbas
376 1657 563 1729 Thestoris
589 1655 705 1748 filius,
731 1654 897 1752 praescius

83 1767 310 1865 futurorum,
344 1797 498 1871 porcum
532 1798 673 1876 marem
704 1771 742 1843 in
773 1770 897 1845 forum

82 1889 237 1963 medium
252 1889 377 1965 afferri
389 1891 512 1991 jubet3
530 1915 642 1991 quem
665 1887 703 1962 in
715 1889 801 1962 duas
811 1916 899 1987 par-

51 2019 348 2101 .tesexsectum,
356 2006 488 2082 orienti
478 2005 897 2106 occidentiquedividit‚

84 2126 356 2246 atquesmgulos
368 2125 511 2198 nudatis
521 2123 646 2226 gladns
659 2149 724 2222 per
735 2123 899 2197 medium

84 2241 226 2316 transire
239 2217 357 2343 jubet.
372 2241 467 2316 Dein
479 2241 714 2338 mucronibus
726 2241 900 2342 sanguine

86 2355 155 2455 ejus
170 2359 320 2452 oblitis,
346 2358 514 2434 adhibitis
530 2359 640 2433 etiam
662 2359 739 2433 aliis
755 2360 801 2433 ad
817 2386 899 2434 eam

85 2499 156 2548 rem
168 2475 397 2570 necessariis,
409 2476 615 2552 inimicitias
625 2477 691 2550 sibi
705 2505 789 2552 eum
802 2477 903 2549 Pria-

86 2615 144 2664 mo
170 2618 238 2688 per
262 2592 481 2691 religionem
512 2590 763 2664 confirmant:
754 2617 902 2710 :neque

86 2707 176 2805 prius
193 2734 231 2782 se
255 2647 394 2785 belliim
415 2707 640 2802 deserturos,
661 2735 772 2810 quam
766 2697 900 2785 Ilium

88 2839 187 2925 atque
214 2852 330 2900 omne
358 2851 513 2928 regnum
544 2825 730 2899 eruissent
758 2826 901 2926 Quibus

90 2941 271 3038 perfectis,
285 2967 376 3038 pure
388 2939 497 3033 lauti,
509 2943 666 3016 Martem
680 2957 787 3042 atque
801 2945 902 3017 Con·
958 2989 959 2992 =

89 3057 243 3134 cordiam
276 3057 400 3132 multis
423 3058 733 3138 immolationibus
749 3057 817 3134 sibi
834 3059 903 3135 ad-

92 3175 346 3282 hospitavere
480 3189 484 3198 '
