2246 4016
214 354 216 363 ·
273 311 746 400 n1vnrrnsn1rnf,
858 321 906 417 39

96 475 172 550 ceps
178 451 334 528 insecuta
345 468 450 548 sunt,
462 455 636 556 quoniam
648 456 723 556 ipse
735 443 904 549 interfui,

97 595 198 674 quam
218 571 405 648 verissime
425 587 553 671 potero
576 569 766 673 exponam.
792 573 907 677 Igitur

98 705 171 786 post
183 715 245 765 eos
261 718 355 793 quos
368 719 476 790 supra
490 692 797 789 memoravimus,
809 695 908 769 Nes-
1007 692 1010 696 ’

98 821 250 884 toruum
279 809 475 885 Antilocho
496 827 532 910 et
553 800 800 914 Trasymede,
817 837 909 913 quos

98 947 138 998 ex
154 925 333 1000 Anaxibiai
359 944 584 1028 susceperat,
604 928 820 1027 supervenit.
837 931 909 1026 Eos
1041 998 1045 1007 f

97 1042 263 1119 Peneleus
278 1045 463 1124 insecutus
476 1074 561 1120 cum
576 1045 705 1121 Clonio
720 1063 755 1136 et
769 1043 912 1121 Arcesi-

99 1157 149 1234 lao
161 1162 450 1264 consanguineis.
463 1164 559 1242 Dein
571 1165 773 1260 Prothenor
781 1179 816 1238 et
828 1161 913 1236 Lei-

100 1291 174 1371 tus,
197 1279 335 1354 Beotiae
351 1279 543 1379 principes.
563 1284 728 1382 Itemque
741 1280 913 1358 Schedius

101 1409 133 1469 et
143 1396 401 1494 Epistrophus,
415 1397 615 1474 Phocenses
623 1428 634 1488 ;
650 1398 869 1499 Ascalaphus
876 1413 912 1472 et
1027 1486 1031 1500 ἢ

102 1512 295 1608 Ialmenus,
314 1515 566 1596 Orchomenii.
594 1520 693 1592 Tum
720 1517 849 1591 Diores
877 1532 914 1591 et

104 1630 224 1731 Meges
242 1659 293 1705 ex
309 1630 446 1732 Phyleo
467 1633 627 1732 genitus,
642 1637 764 1710 Thoas
780 1660 824 1708 ex
837 1636 916 1707 An·
948 1647 956 1658 '
1048 1691 1055 1702 t

104 1745 300 1841 draemone,
317 1745 524 1848 Eurypylus
540 1749 736 1823 Euemonis
746 1804 759 1844 ,
778 1751 916 1826 Orme-
1003 1801 1007 1828 t
1039 1831 1044 1840 ,

102 1861 193 1960 nius,
208 1881 246 1942 et
259 1869 457 1941 Leonteus.

335 2069 529 2138 CAPUT
561 2069 679 2140 XIV.

21 2275 22 2280 η
148 2218 359 2320 Posrquos
384 2220 542 2297 Achilles
558 2221 654 2298 Pelei
672 2235 707 2296 et
733 2217 918 2315 Thetidis,
949 2267 952 2274 ,

104 2359 175 2434 quae
192 2363 236 2410 ex
249 2337 412 2412 Chirone
428 2338 624 2412 dicebatur.
645 2338 719 2413 Hic
736 2336 913 2436 inprimis

104 2451 347 2529 adolescentiae
360 2456 487 2550 annis,
509 2483 699 2556 procerus,
714 2458 843 2535 decora
860 2456 917 2528 fa-

99 2566 147 2644 cie
162 2626 174 2664 ,
191 2571 312 2645 studio
334 2598 458 2645 rerum
474 2574 683 2645 bellicarum
696 2598 823 2646 omnes
839 2573 915 2673 jam

99 2688 389 2790 tumvirtuteque
398 2704 434 2764 et
446 2688 561 2792 gloria
568 2689 769 2789 superabat.
785 2693 916 2792 Neque

99 2820 220 2885 tamen
236 2809 363 2882 aberat
390 2809 503 2882 abeo
520 2807 573 2885 vis
603 2810 767 2910 quaedam
792 2809 919 2884 incon·

97 2925 179 2998 tulta
214 2942 251 3002 et
269 2928 379 3002 effera
396 2953 543 3004 morum
559 2925 795 3026 impatientia,
820 2930 915 3002 Cum

98 3068 143 3115 eo
154 3044 339 3119 Patroclus
352 3061 388 3120 et
400 3044 548 3130 Phoenix
555 3045 667 3138 3alter
675 3059 826 3144 propter
834 3070 917 3118 con-

96 3159 323 3257 junctionem
350 3163 515 3240 amicitiae
521 3220 535 3258 ,
562 3163 651 3237 alter
669 3178 787 3238 custos
807 3177 916 3264 atque
937 3176 939 3180 '

95 3294 215 3354 rector
235 3282 327 3383 ejus.
354 3280 588 3381 Tlepolemus
612 3281 693 3359 dein
714 3280 912 3357 Herculis:

94 3421 170 3474 eum
179 3398 339 3484 insecuti
352 3415 436 3482 sunt
456 3389 658 3504 Phidippus
666 3415 702 3485 et
710 3393 913 3504 Antiphus,
