2286 4024
277 367 448 416 nrvnu
489 365 709 418 secono.
839 339 907 439 187

247 579 508 674 'CAPUT
540 580 703 651 XLVI.
775 581 820 666 ¹,

127 785 169 862 N
171 813 277 875 nour
289 759 469 873 mullo
417 805 517 899 post
528 790 685 864 Thraces
697 787 759 862 ubi
784 813 912 899 expet

79 903 249 1005 gelactie
265 931 409 1023 somno
402 888 839 1026 ,regellrintetemptm
849 905 912 980 foe·
1050 985 1053 996 Ι

82 1013 172 1093 dam
186 1021 353 1096 faciem
334 1039 427 1100 ntra
445 1023 599 1112 teutona
610 1023 894 1100 animadvertere
900 1077 913 1115 ,
1045 1087 1055 1147 ἲ,

83 1150 121 1212 et
135 1135 292 1238 vestigia
307 1139 454 1213 abducti
471 1168 596 1214 currus
608 1139 797 1214 manifesta
810 1154 911 1228 sunt,
939 1240 942 1248 .
1020 1135 1025 1145 ’
1058 1133 1061 1141 ’

81 1254 230 1354 raptim
243 1281 285 1330 ac
300 1255 376 1330 sine
396 1245 479 1330 ullis
494 1256 700 1351 ordinibus,
719 1271 760 1330 ut
780 1283 914 1357 quem·

86 1399 161 1474 que
176 1385 257 1447 sors
269 1372 566 1476 conglobaverat,
580 1373 626 1447 ad
638 1377 746 1451 naves
758 1373 913 1452 evolant.

87 1489 234 1592 Quibus
251 1491 431 1590 procul
398 1518 481 1568 v1s1s
487 1548 501 1589 ‚
520 1491 635 1568 nostri
649 1481 831 1568 conferti
821 1506 916 1568 mter

87 1633 144 1703 se,
159 1624 272 1710 atque
281 1605 624 1710 imperia'servantes
632 1664 645 1703 ,
656 1623 743 1684 eunt
756 1605 914 1690 obuiam.

87 1723 160 1802 Sed
181 1724 317 1826 Ajaces
337 1725 410 1800 duo
431 1723 471 1799 in
489 1724 714 1825 aliquantum
736 1723 811 1798 acie
828 1709 918 1821 pro-

145 1921 154 1938 ·
193 1843 202 1860 ”
214 1898 228 1939 ,
246 1844 385 1944 primos
407 1845 593 1920 Thracum
610 1843 785 1919 invadunt
808 1856 919 1943 atque
950 1907 952 1910 .

91 1962 320 2061 opprimunt.
329 1963 425 2041 Dein
437 1961 567 2064 reliqui
575 1962 752 2057 duces,ut
765 1961 920 2063 quisque

93 2079 217 2157 locum
244 2098 408 2182 ceperat,
434 2082 568 2160 caedere
587 2080 771 2184 singulos:
802 2095 839 2154 et
856 2078 920 2152 ubi

95 2194 251 2273 conferti
269 2209 438 2272 steterant
448 2250 461 2292 ,
480 2199 557 2270 bini
573 2213 636 2270 aut
651 2194 806 2294 emplius
829 2222 921 2271 con-

96 2314 255 2417 gregati,
274 2315 414 2416 impetu
439 2342 505 2390 suo
531 2314 722 2393 dissolvere
745 2346 754 2387 ε
775 2342 816 2389 ac
833 2339 930 2388 mox·
993 2357 995 2362 ·
1024 2371 1029 2382 .

96 2431 276 2528 dispersos
288 2433 520 2536 palantesque
535 2433 736 2510 interlicere
744 2484 757 2520 ,
775 2417 922 2525 prorsus

96 2547 152 2621 uti
169 2549 288 2622 nullus
304 2550 713 2641 reliquuscaedisfleret.
730 2546 786 2618 Ac
800 2546 921 2620 stetim
965 2623 969 2630 ,

97 2659 200 2762 Graji
211 2715 222 2752 ,
233 2657 416 2734 exstinctis
428 2656 490 2758 qui
505 2657 694 2733 adversum
705 2658 922 2766 ierant,sig-

99 2805 147 2853 no
176 2777 263 2852 dato
282 2777 329 2849 ad
359 2776 511 2852 tentoria
534 2803 663 2856 eorum
684 2795 852 2880 pergunt.
871 2784 923 2856 At

97 2895 146 2970 illi
163 2894 228 2998 qui
244 2894 408 2970 custodes
423 2894 545 2970 castris
561 2894 674 2972 relicti
688 2896 755 2982 soli
771 2923 923 2996 supere·
967 2903 971 2909 ’

98 3030 199 3108 rant,
223 3012 308 3090 visis
329 3027 460 3088 contra·
472 3013 658 3110 hostibus,
683 3029 823 3090 terrore
843 3016 923 3115 ipso

99 3131 786 3236 miserandunrinmodurnelfeminati,
799 3135 924 3212 omni-

98 3253 164 3326 bus
190 3251 332 3326 amissis
352 3253 398 3328 ad
422 3253 555 3328 moenia
576 3250 800 3356 confugiunt.
815 3256 924 3330 Tum

95 3370 258 3474 undique
290 3397 411 3450 versus
434 3369 548 3450 nostri
576 3369 775 3472 irruentes,
799 3398 924 3474 arma,
