2210 4012
185 306 259 370 ,ao
378 305 643 376 posunt-nn
664 296 819 360 ruore:

447 457 726 565 renuunt.

144 663 145 670 ’
180 721 183 726 ,
205 707 208 712 -
241 649 392 726 Luctus
417 646 538 751 paucis
555 645 682 726 diebus
697 651 742 724 ad
764 650 1012 750 Trojamre·

190 759 317 863 niunt,
331 792 448 870 neque
459 786 537 844 tum
552 769 796 843 Alexandrum
808 769 846 840 in·
856 769 936 842 loeo
949 769 1011 842 oi-

190 886 353 960 fondere
375 889 469 962 Eum
495 911 652 988 namque
669 877 922 984 properatione
938 913 1010 957 na-

139 1019 140 1024 ’
190 1002 276 1105 vigil
267 1002 495 1078 inconsulte
516 1023 622 1078 usum
640 1004 738 1079 venti
768 1002 814 1076 ad
838 1006 1008 1104 Cyprum

79 1175 81 1178 .
142 1187 144 1193 ,
142 1119 372 1217 appulere.
398 1111 535 1194 Unde
525 1135 646 1216 sumpt
648 1144 680 1192 rs
692 1119 829 1219 aliquot
855 1119 1008 1195 navibus

190 1237 396 1312 Phoenicem
412 1237 596 1336 delapsus,
613 1233 843 1312 Sidoniorum
856 1264 1008 1367 regem,

109 1371 110 1376 ’
190 1353 253 1450 qui
270 1380 360 1453 eum·
372 1353 488 1442 amice
504 1369 728 1449 susceperat,
750 1368 859 1426 noctu
872 1376 938 1450 per
950 1345 1011 1426 in-

191 1467 296 1542 sidias
308 1483 412 1544 necat
431 1499 439 1540 :
465 1468 664 1568 eidemque
689 1469 761 1568 quit
777 1471 874 1567 apud
888 1471 1010 1545 Lace·-

96 1582 108 1598 “
187 1585 392 1660 daemonem
405 1585 620 1684 cupiditate,
633 1585 837 1661 universam
851 1587 1008 1662 domum

189 1703 267 1803 ejus
278 1701 316 1775 in
328 1700 441 1776 scelus
452 1698 644 1800 proprium
653 1702 842 1780 convertit,
858 1701 912 1806 Ita
923 1729 1009 1780 om·-

188 1816 248 1894 uia
265 1846 344 1921 quae
359 1819 406 1892 ad
417 1818 695 1896 ostentationem
711 1813 820 1920 regiae
837 1820 1008 1922 magnifi-
1079 1847 1082 1852 ·

187 1936 311 2012 centiae
323 1936 446 2030 fuere,
463 1936 610 2038 indigne
622 1951 748 2035 rapta,
764 1937 810 2011 ad
822 1963 929 2015 nares
941 1939 1026 2014 de-'

187 2053 275 2126 ferri
282 2054 395 2150 jubet.
404 2053 475 2126 Sed
485 2053 548 2122 ubi
557 2053 861 2128 exlamentetione
875 2077 1006 2129 eorum

108 2157 109 2160 ¹
187 2167 390 2269 qui‘casum
407 2165 548 2242 domini
561 2163 755 2272 deflentes,
769 2167 898 2270 reliqui
913 2197 1007 2270 prae-

181 2283 240 2357 dae
260 2282 502 2383 aufugerant,
530 2283 705 2386 tumultus
723 2299 825 2358 ortus
844 2299 897 2358 cst
906 2342 919 2380 ,
937 2312 1007 2385 po-

189 2399 295 2500 pulus
321 2398 439 2472 omnis
461 2398 672 2500 adregiam
698 2401 890 2477 concurrit.
916 2403 1005 2478 Inde

189 2515 289 2616 quod
298 2515 374 2614 jam
387 2513 611 2609 Alexander,
627 2517 782 2615 abreptis
792 2545 872 2618 quae
883 2518 1006 2617 cupie-

84 2667 87 2671 ·
190 2648 267 2726 rat,
279 2632 522 2706 ascensionem
535 2635 771 2730 properabat,
785 2659 853 2732 pro
867 2651 1006 2736 tempo-

189 2777 229 2824 re
246 2749 376 2822 armati
388 2749 434 2858 ad
445 2775 553 2824 naves
565 2749 731 2840 veniunt,
748 2767 901 2854 ortoque
911 2754 1006 2828 inter

189 2892 252 2941 eos
264 2862 469 2962 acripraelio
478 2920 491 2958 ,
510 2862 642 2939 cadunt
654 2865 823 2968 utrinque
835 2867 1002 2970 plurimi3

190 2981 495 3086 quumobstinate
518 2981 555 3054 hi
571 2981 666 3084 regis
686 3011 814 3060 necem
831 2987 1013 3066 defende-

190 3115 291 3192 rent,
315 3099 355 3198 hi
377 3125 424 3172 ne
444 3097 650 3174 amitterent
672 3117 827 3199 partam·
845 3105 1004 3201 praedam

178 3214 341 3296 .summis
348 3215 476 3314 opibus
491 3215 746 3295 adniterentur.
756 3201 912 3296 lucensis
921 3223 1004 3320 dein

189 3333 327 3412 duabus
340 3331 509 3432 navibus,
527 3335 679 3436 Trojani
694 3334 848 3440 reliquas
861 3353 1006 3421 strenue
