2262 4038
2 471 10 530 i

2 583 12 642 i

301 323 467 370 GUERRE
495 321 549 367 DE
576 315 730 365 Tuom.
865 311 932 386 177

114 446 287 508 macutus
302 433 360 506 sit.
375 436 542 508 Antenor
555 433 719 506 hortatus
735 444 787 505 est
801 425 933 528 {troja-¹

111 572 196 641 nos,
218 577 265 624 ne
290 551 559 645 horrescerent,
583 549 631 623 ad
655 546 864 624 bellandum
888 545 929 617 in

4 693 6 706 ·
112 664 296 740 Graeciam
316 693 399 742 suos
411 667 600 743 alacriores
613 665 710 741 fecit.
726 663 853 738 Paucis
865 663 934 736 de·
995 700 996 708 κ

114 784 330 860 monstravit
337 835 350 880 ,-
364 786 493 886 quaein
505 783 643 863 Graecia
655 797 825 886 gesserat.
839 780 936 856 Pria-

2 916 4 925 ⁴
114 924 197 976 mus
213 901 321 998 dixit,
339 903 369 978 si
388 903 448 979 cui
466 903 670 1004 displiceret
684 899 820 977 bellum
830 897 938 1002 geri,

4 1025 5 1034 ’
115 1020 454 1098 suamvoluntatem
468 1024 637 1100 ediceret.
651 1027 761 1104 ,Tunc
777 1019 938 1094 Panthus

116 1136 262 1212 Priamo
275 1156 312 1214 et
324 1141 539 1242 propinquis
552 1141 730 1239 proditer
744 1166 824 1244 quae
836 1164 857 1210 a
871 1161 940 1234 pa·-

2 1275 6 1307 t
118 1270 174 1329 tre
205 1258 403 1355 Euphorbo
433 1257 595 1350 audierat
627 1257 700 1332 :Si
732 1255 941 1331 Alexander
971 1333 972 1338 ,

2 1394 4 1404 ⁴
117 1383 272 1461 uxorem
291 1376 336 1451 de
358 1375 495 1452 Graecia
514 1375 740 1469 adduxisset,
764 1373 938 1476 Trojanis
1011 1411 1017 1423 =
1106 1447 1112 1456 ,

3 1509 4 1512 ’
117 1493 662 1568 extremumexitiumfuturum.
673 1491 744 1568 Sed
753 1491 940 1592 pulchrius

4 2175 5 2180 ἵ
121 2075 200 2150 fieri
212 2077 331 2157 vellet.
345 2076 513 2152 Priamus
523 2077 613 2150 dixit
624 2089 966 2176 navespraeparan·'
1045 2157 1049 2168 .

119 1633 199 1684 esse
222 1609 259 1684 in
277 1610 354 1684 otio
380 1610 491 1686 vitam
511 1611 665 1713 degere,
682 1637 793 1710 quarn
815 1610 852 1682 in
877 1625 941 1686 tu-
972 1610 976 1614 ’
1011 1645 1013 1648 ’

118 1726 239 1802 multu
255 1728 461 1810 libertatern
479 1728 669 1822 amittere,
685 1743 720 1803 et
733 1727 938 1826 periculum

120 1841 224 1916 inire.
247 1845 407 1942 Populus
427 1844 680 1919 auctoritatem
700 1845 830 1918 Panthi
848 1870 940 1922 con-

120 1957 242 2033 temsit
271 1993 279 2033 :
308 1987 435 2061 regem
464 1962 585 2036 dicere
615 1961 820 2060 jusserunt,
848 1961 938 2061 quid

120 2195 183 2268 das
205 2219 300 2288 esse,
321 2209 363 2267 ut
381 2209 482 2268 eatur
499 2194 537 2270 in
556 2195 732 2271 Graeciam
751 2195 941 2270 :utensilia

121 2337 270 2414 quoque
283 2311 419 2410 populo
433 2336 507 2385 non
520 2311 654 2389 deesse.
672 2311 831 2410 Populus
847 2338 939 2386 con-

121 2427 288 2504 clamavit
314 2436 381 2560 per
402 2453 440 2505 se
466 2454 610 2502 moram
637 2453 712 2501 non
741 2455 838 2524 esse,
864 2455 942 2529 quo
1003 2461 1005 2464 ·

121 2547 242 2622 minus
261 2545 355 2649 regis
373 2546 560 2646 praeceptis
577 2562 754 2646 pareatur
774 2546 940 2621 Pri-arnus

119 2647 189 2738 illis
208 2690 358 2766 magnas
379 2665 511 2769 gratias
533 2663 634 2766 egit,
650 2663 940 2766 concionemquo
974 2709 986 2756 f
1033 2689 1040 2695 ’

122 2780 270 2856 dimisit
287 2785 353 2860 Ac
371 2809 459 2858 mox
480 2782 517 2856 in
533 2782 636 2856 Idam
658 2781 798 2886 sylvam
818 2783 942 2880 misit,

122 2899 185 3000 qui
206 2900 397 2976 materiem
420 2899 664 2993 succiderent,
689 2925 805 2975 naves
818 2887 940 2976 aedifi
1028 2903 1032 2916 ‘

122 3033 257 3092 carent.
282 3018 523 3094 Hectorem
511 3047 550 3092 in
573 3016 808 3116 superiorem
822 3017 941 3119 Ptry
1026 3103 1028 3107 ,

121 3135 219 3237 giam
238 3137 357 3232 misit,
372 3153 413 3212 ut
432 3137 632 3216 exercitum
650 3149 813 3235 pararet,
832 3151 868 3210 et
887 3136 940 3209 ita

120 3269 250 3351 praesto
264 3269 366 3330 esset.
387 3255 585 3332 Cassandra
595 3268 788 3355 postquam
801 3251 939 3330 audivit

121 3373 232 3514 patris
255 3371 442 3456 consilium
450 3429 464 3474 ,
479 3373 599 3454 dicere
620 3372 728 3474 coepit
743 3396 841 3472 quae
836 3374 940 3474 Tro
