2262 4038
216 297 288 392 254
405 323 583 374 onranr
611 325 666 374 or
693 321 850 373 rnorr.

172 523 175 530 ¹
214 451 284 512 tur.
307 441 407 514 Dum
424 439 553 514 acriter
567 439 770 540 proeliatur,
787 461 903 540 equus
916 433 1028 510 Troili

213 554 693 651 sauciuscorruit‚Troilum
701 547 924 655 implicitum
934 579 1033 628 mcu-

214 671 270 747 tit.
289 675 384 748 Eum
404 675 562 750 Achilles
583 674 655 750 cito
674 673 868 752 adveniens
880 669 1032 763 occidit,

200 803 252 864 -et
265 816 309 866 ax
327 791 457 891 proelio
470 793 612 870 trahere
630 792 751 892 coepit.
774 794 821 866 Et
836 786 1034 864 subnaxis-

215 924 289 1002 set,
301 909 371 984 uisi
384 913 563 986 Memnon
579 909 787 1010 eripuisset,
804 925 841 986 et
853 907 1033 984 Achillem
1106 901 1107 938 r

214 1024 364 1102 vulnere
376 1027 574 1102 sauciasset.
591 1027 748 1103 Achilles
760 1025 946 1126 deproetio
958 1049 1033 1098 san·

214 1143 291 1217 eins
316 1143 423 1218 redit.
451 1147 631 1220 Memnon
656 1143 858 1246 insequitur
883 1157 921 1218 et
952 1164 1032 1216 cum

215 1255 338 1334 multis
362 1259 638 1360 impressionem
673 1260 771 1337 facit.
796 1257 862 1336 Ut
877 1257 1033 1358 respexit

215 1401 302 1450 eum
314 1375 493 1472 Achilles,
512 1378 643 1453 restitit
657 1409 666 1450 z
681 1393 806 1453 curato
818 1377 942 1478 itaque
956 1374 1034 1449 vul-

214 1519 322 1587 nere,
347 1508 384 1568 et
401 1492 663 1596 aliquantulum
684 1493 887 1600 proeliatus,
912 1495 1033 1568 Mem·
1107 1557 1108 1610 t

198 1632 352 1690 'nonem
372 1613 495 1688 multis
506 1612 626 1716 plagis
642 1613 795 1708 occidit,
812 1627 849 1688 et
862 1611 940 1710 ipse
953 1610 1033 1688 vul·
1107 1619 1108 1694 i

64 1807 68 1814 .
197 1748 362 1808 'uenatus
387 1734 434 1808 ab
458 1759 508 1810 eo·
527 1760 571 1810 ax
599 1733 726 1834 proelio
748 1733 905 1811 recessit.
933 1734 1031 1806 Post·

216 1878 328 1954 quam
340 1856 532 1928 Persarum
550 1853 624 1927 dur
634 1853 774 1928 occisus
783 1867 867 1945 est,
880 1865 918 1924 et
935 1852 1031 1926 Tro·

197 1969 385 2069 ⁴janornm
409 1969 587 2045 exereitus
609 1969 710 2044 fusus
735 1984 809 2063 est,
838 1967 970 2069 reliqui
992 1966 1029 2039 in

196 2121 199 2128 ·
215 2087 394 2185 oppidum
407 2088 670 2190 confugerunt,
732 2103 881 2187 rusque
898 2085 1030 2164 clause·

217 2218 303 2279 runt
317 2235 326 2276 ε
341 2205 514 2304 proelium
537 2233 612 2280 nox
633 2204 783 2280 dirimit.
806 2205 955 2279 Postera
975 2203 1030 2278 die

217 2340 238 2393 a
250 2321 395 2398 Priamo
408 2322 518 2426 legati
532 2323 579 2398 ad
593 2325 915 2427 Agamemnonem
935 2319 1031 2396 missi

200 2454 318 2534 sunt,
335 2456 376 2515 ut
392 2439 553 2516 inducias
569 2455 757 2538 peterent:
778 2441 1032 2540 Agamemnon

220 2583 264 2630 ex
277 2555 414 2632 consilii
424 2555 601 2632 sententia
614 2556 653 2630 in
666 2555 743 2630 dies
759 2583 858 2629 xxx.
871 2555 1035 2630 traductas

221 2673 318 2750 facit.
341 2674 506 2748 Priamus
530 2671 717 2766 Troilum,
743 2688 780 2748 et
797 2674 1034 2750 Memnonem

222 2789 417 2892 magnifico
427 2779 554 2863 funere
567 2793 672 2864 effert
686 2820 695 2862 ε
710 2789 1037 2894 caeterosque-mili-

224 2921 277 2984 tes
289 2905 435 3006 utrique
447 2905 669 3006 sepeliendos
680 2922 818 2988 euram.
