2302 4026
343 337 509 386 urvnn
549 335 765 384 secono.
900 307 968 380 155

136 447 251 522 duces
264 446 368 523 facti.
386 452 485 522 Tum
503 448 636 542 nostri,
649 447 731 524 visis
742 464 868 523 contra
882 448 969 534 hos-
1040 526 1044 532 ,

136 566 260 660 tibus,
274 567 410 640 annaei
425 583 533 669 atque
553 566 717 644 instructi
736 567 806 668 pro
821 566 969 670 negotio

139 684 318 784 simplicis
331 685 461 760 fomur
477 683 595 761 aciem'
605 712 844 787 composuere
854 744 866 781 ‚
876 685 970 762 circa

147 830 289 880 cornua
301 803 424 881 divisis
438 805 589 880 ducibus
606 837 615 878 ι
633 808 803 882 dextrum
814 804 973 881 Amilles

143 947 232 996 cum
241 921 624 1018 Antilocho‚alterum
632 925 727 1025 Ajax
735 923 971 1000 Telamonius

145 1065 234 1116 cum
247 1041 431 1118 Diomede
445 1045 639 1140 curabant,
651 1043 792 1119 medios
802 1065 973 1141 accepere

146 1159 244 1261 Ajax
258 1161 348 1236 alter
361 1217 374 1256 ,
389 1179 425 1236 et
433 1163 650 1239 Idomeneus
662 1165 734 1238 dux
743 1179 877 1238 noster.
888 1163 973 1242 Hoc

149 1280 268 1354 modo
285 1281 444 1356 exercitu
458 1283 628 1384 utrinque
646 1283 871 1383 composito,
886 1307 974 1383 per·

149 1414 243 1497 gunt
267 1400 428 1477 obviam.
451 1403 502 1475 At
527 1394 596 1474 ubi
609 1402 647 1476 in
671 1429 801 1477 manus
821 1419 973 1479 ventum

136 1531 226 1609 est,
239 1507 418 1591 cohortati
431 1545 514 1593 suos
528 1502 701 1621 quisque,
716 1520 791 1595 acie
808 1521 975 1596 conllixee

152 1659 205 1707 re.
222 1638 323 1709 Tum
344 1664 432 1712 vero
444 1638 482 1711 in
494 1637 719 1738 aliquantum
734 1653 847 1713 tracto
857 1655 975 1714 certa-

152 1751 279 1846 mine,
303 1753 621 1855 utriusquepartis
644 1755 777 1829 cadunt
797 1752 974 1854 plurimi,

151 1869 439 1966 praecellentibus
459 1872 497 1944 in
521 1899 563 1945 ea
585 1865 708 1976 pugna
731 1875 975 1950 Barbarorum

154 1990 318 2063 Hectore
339 2005 376 2063 ct
397 1992 626 2090 Sarpedone,
652 1977 862 2070 Graecorum
883 1993 976 2074 Dio·

154 2106 263 2182 mede
276 2135 360 2182 cum
370 2109 550 2184 Menelao.
565 2111 659 2184 Dein
669 2137 761 2207 nox,
770 2113 976 2188 communis

155 2227 352 2301 amborum
370 2229 534 2332 requies,
550 2231 719 2330 proelium
733 2232 890 2306 diremit.
905 2232 978 2334 tgi„

156 2359 217 2416 tur
230 2333 382 2422 reducto
395 2348 554 2424 exercitu
569 2376 722 2450 corpora
735 2378 885 2427 suorum
900 2379 979 2428 cre-

157 2478 257 2536 mata
270 2462 347 2566 igni
358 2466 546 2566 sepeliunt.

324 2645 533 2716 error
569 2635 869 2755 xxxut',
968 2636 972 2642 ’

964 2731 972 2774 t

207 2795 332 2894 Qoms
354 2795 523 2892 perfectis
533 2853 546 2890 ‚
566 2799 681 2874 Graeci
703 2815 868 2878 statuunt·
885 2803 981 2884 inter

162 2937 220 3004 se,
234 2911 434 3008 Achillem,
444 2914 591 3014 cnjusin
599 2917 755 2994 adversis
768 2923 979 3000 Graecorum

163 3027 302 3102 casibus
333 3028 537 3107 sollicitudo
564 3033 742 3135 praecipuo
772 3037 983 3136 videbatur,

157 3173 284 3249 regem
294 3146 462 3224 omnium
472 3151 984 3259 confirmare.SedAgamem·

157 3289 232 3340 non
245 3264 373 3340 anxius
386 3295 432 3341 ne
447 3268 556 3346 decus
568 3270 710 3374 regium
723 3273 904 3351 amitteret
912 3333 926 3371 ‚
940 3277 980 3352 in
1034 3365 1037 3372 ,

159 3384 307 3462 consilio
334 3387 444 3464 verbu
468 3387 663 3484 facitzsibi
685 3392 844 3472 maxime
870 3397 973 3474 cordi
