2246 4016
208 242 265 318 :52
405 259 590 324 euanuit
616 274 671 324 nn
699 264 865 333 muttit:
916 298 919 302 ·

447 405 643 518 ennon
676 424 800 520 mx,

267 625 437 696 lum-nin
453 621 491 695 in
506 621 583 722 ipsa
594 623 785 724 navigandi
803 604 1031 697 festinatione

217 742 499 842 Agamemnon,
514 767 654 843 quomo
666 740 802 825 cunctis
813 744 938 843 regern
951 765 1032 813 om·

183 905 201 956 .'
216 857 319 932 nium
332 860 551 946 declaratum
558 886 665 958 supra
673 859 861 935 docuimus
869 856 1032 958 ,longius

216 976 325 1075 paulo
342 976 390 1049 ab
403 977 562 1052 exercitu
582 1001 791 1078 progressus
800 1031 812 1069 ,
830 976 925 1048 forte
948 1001 1031 1048 eon-

216 1093 320 1192 spicit
335 1093 429 1170 circa
452 1094 575 1170 lucum
596 1093 719 1168 Dianae
743 1108 951 1193 pascentem
970 1121 1031 1168 ea-

214 1238 361 1311 pneam,
385 1213 666 1314 imprudensque
693 1211 874 1316 roligionis
895 1237 976 1314 quoe
993 1209 1031 1286 in

215 1358 259 1405 eo
269 1332 350 1406 loco
361 1348 437 1406 erat
444 1388 456 1426 ,
464 1331 581 1434 jamlo
596 1331 790 1433 transfigit:
802 1358 920 1432 neque
931 1329 1032 1403 mul-

214 1465 252 1524 to
265 1463 370 1547 post,
386 1447 485 1523 inane
503 1448 658 1543 coelesti,
672 1449 778 1523 anob
791 1447 1034 1522 mutationem

176 1607 177 1610 ¹
213 1565 304 1643 netis
312 1568 525 1668 corporibus
536 1567 746 1668 pertentatis
754 1622 767 1664 ,
779 1567 855 1643 lues
869 1565 1003 1644 invadit
1019 1597 1029 1638 ε

213 1703 322 1788 atque
339 1687 485 1771 interim
499 1685 626 1762 indies
640 1687 757 1790 magis
772 1687 958 1790 magisque
972 1711 1033 1760 sae·

213 1806 332 1900 viena,
346 1805 461 1879 multa
481 1805 594 1878 millia
613 1805 784 1910 fatigare,
804 1800 840 1882 et
850 1805 1032 1906 promisce

192 1926 739 2026 -nperpecomatqueexercitum
748 1925 1031 2026 grassarizpror-

210 2069 271 2119 eus
285 2043 402 2116 nullus
415 2039 534 2116 funeri
547 2041 679 2116 modus
687 2097 700 2135 ‚
726 2059 845 2142 neque
861 2041 1002 2142 requies
1016 2067 1029 2130 ς

211 2161 266 2235 uti
284 2159 460 2262 quidquid
478 2157 575 2233 malo
588 2158 738 2236 obvium
749 2148 895 2252 luerat,
912 2173 1032 2236 vasta⁴

211 2279 329 2352 batur.
345 2277 486 2376 Quibus
499 2278 606 2352 rebus
619 2275 776 2352 sollicitis
788 2275 939 2351 ducibus
947 2303 1032 2349 mu·

211 2396 278 2470 lien
290 2393 456 2496 quaedam
469 2395 548 2486 Deo
560 2391 667 2492 plena
678 2394 800 2466 Dianae
811 2392 904 2466 iram
915 2393 1029 2467 fatur:

212 2541 295 2590 eam
303 2539 461 2615 namque
470 2512 519 2588 ob
528 2537 655 2588 necem
668 2513 905 2612 capreae,qui
915 2510 1033 2586 maxi-

210 2641 272 2707 me
284 2627 672 2731 laetabatiu.,sacrilegii
684 2653 806 2727 poenas
817 2628 863 2701 ab
871 2627 1030 2726 exercitu

212 2733 1031 2849 expetereznecleniripriusquamauctortan-tl
1097 2811 1103 2816 .

213 2868 353 2944 sceleris
369 2867 480 2942 filiam
506 2881 594 2942 natu
615 2864 835 2960 maximam,
858 2863 1030 2942 vicariam

210 2985 396 3068 victimam
421 2981 687 3058 immolavisset.
720 2985 810 3082 Quae
834 3009 905 3059 vox
923 2997 964 3055 ut
983 2984 1030 3057 ad

100 3185 101 3192 χ
203 3105 410 3194 ,exercitum
426 3099 546 3196 venit,
564 3125 692 3174 omnes
710 3099 819 3174 duces
830 3099 1029 3201 Agamem.

209 3249 346 3296 nonem
372 3221 507 3294 adeunt
533 3246 724 3322 :eumque
750 3218 872 3317 primo
896 3245 1001 3296 orare
1013 3239 1027 3315 ,'

208 3355 505 3440 recusautomque
518 3337 563 3418 ad
572 3353 800 3438 postremum
810 3363 941 3442 cogere
948 3395 960 3433 ,
974 3338 1028 3414 uti
1062 3335 1065 3340 ’
