2236 4040
316 282 492 332 cuum
520 245 569 343 rm
595 284 746 334 rnorr..
864 256 939 332 253

290 474 496 544 CAPUT
532 475 775 604 XXXIII.

121 579 329 726 Τιιιιιιιι
365 672 495 749 pugnae
529 597 748 747 supervenit.
789 645 942 747 Trojani

87 762 325 840 exercitum
343 764 512 844 educunt.
530 767 669 844 Contra
683 767 943 868 Agamemnon

8 914 20 922 ··
112 909 255 959 omnes
272 883 390 970 duces
416 883 455 957 in·
481 903 644 988 pugnem
668 884 789 988 cogitj,
814 881 944 983 proelio

113 1001 321 1099 commisso
342 1001 386 1076 fit
402 1023 535 1104 magna
556 1003 668 1082 credes
683 1033 701 1075 -ι
727 1002 857 1078 acriter
877 1028 944 1078 sae-
968 1083 973 1090 ,

114 1117 239 1194 viunt.
270 1118 477 1220 Postquam
497 1120 660 1219 primum
693 1135 837 1219 tempus
871 1118 943 1196 diei

36 1249 39 1256 “
115 1237 265 1312 transiit
271 1294 283 1331 ,
305 1237 426 1336 prodit
445 1239 482 1312 in
497 1239 623 1338 proelio
639 1238 805 1332 Troilus,
822 1238 943 1334 caedit,

116 1355 333 1454 prosternit.
362 1356 489 1456 Argivi
513 1357 641 1458 fugam
672 1384 757 1456 cum
785 1353 944 1430 clamore

117 1473 301 1566 focerunt·
332 1473 489 1562 Achilles
514 1489 555 1546 ut
580 1472 669 1547 vidit
697 1471 865 1548 Troilum
893 1470 944 1544 ita
996 1559 1008 1570 ,

117 1592 270 1686 saevire,
302 1606 339 1666 et
363 1589 508 1692 Argivis
540 1589 734 1684 insultare,
755 1588 944 1689 simulque

117 1710 203 1786 sine
229 1707 493 1804 intermissione
518 1724 756 1808 posternere,
790 1701 947 1807 Argivos
1019 1717 1044 1772 f

115 1829 307 1920 laborare,
322 1826 486 1927 prosiluit
498 1827 536 1902 in
553 1826 702 1910 bellum.
718 1829 814 1912 Eum
827 1825 944 1903 conti·

116 1970 199 2022 nuo
213 1944 358 2022 OEroilus
369 1944 548 2045 praecipit,
565 1959 602 2024 et
618 1943 764 2028 sauciet.
785 1942 945 2020 Achilles

117 2066 168 2142 de
186 2064 315 2164 prmlio
328 2064 469 2141 saucius
488 2063 606 2142 redit:
624 2077 808 2165 pugnatur
828 2061 945 2138 conti-

117 2181 346 2259 uuis-diebus
358 2207 438 2257 sex.
465 2182 533 2256 Die
549 2181 708 2280 septimo
728 2181 819 2262 dum
841 2195 944 2256 uter·

118 2298 383 2402 queexereitus
395 2297 522 2397 proelio
532 2301 730 2382 commisso
741 2300 944 2402 fugaretum
997 2307 999 2310 ’

119 2417 282 2496 Achilles
305 2419 369 2520 qui
383 2416 569 2518 ,aliquibus
590 2416 717 2492 diebus
738 2433 886 2496 vexatus
904 2419 943 2494 in

119 2559 289 2640 pugnam
298 2563 373 2612 non
387 2536 591 2636 prodierat,
604 2535 858 2637 Myrmidonas
874 2536 946 2612 ins-

119 2656 221 2732 truit.
240 2652 651 2758 Hortatur‚·alloquitur
665 2669 705 2728 ut
718 2653 860 2732 fortiter
872 2656 943 2731 im·

6 2821 8 2846 ;
120 2775 345 2876 pressionem
357 2774 395 2848 in
408 2771 576 2850 Troilum
588 2771 733 2848 faciant.
744 2775 942 2876 Postquam

122 2879 246 2993 mujor
267 2917 351 2992 pars
375 2891 446 2966 diei
470 2890 628 2984 transiit,
650 2890 773 2990 prodit
790 2891 943 2966 Troilus

6 3031 13 3045 ’·
122 3039 168 3086 ex
181 3035 277 3112 equo
290 3009 401 3084 laetus.
417 3008 545 3112 Argivi
561 3009 718 3084 clamore
733 3033 868 3112 magno
887 3009 942 3084 fu·

121 3156 208 3232 gam
230 3127 377 3220 faciunt.
400 3127 654 3261 Myrmidones
679 3153 940 3252 supervenere,

120 3244 397 3347 impressionem
430 3242 468 3320 in
502 3244 670 3321 Troilum
703 3221 860 3339 faciunt,
892 3244 941 3323 de

124 3389 285 3466 quorum
301 3387 458 3444 numero
471 3359 945 3443 multiaTroilooccidum
1012 3439 1015 3448 f
