2296 4024
261 246 455 310 ‚errae
494 246 744 298 eramiae.
847 218 920 294 *51

564 325 573 354 Ι

315 417 515 491 CAPUT
546 419 719 490 xvut.

148 591 301 664 lurruu
317 590 412 666 inter
426 606 568 666 tantum
589 591 755 668 classium
777 617 928 692 appara-

95 723 207 804 tum,
222 709 315 812 equi
326 726 436 814 atque
452 738 578 786 currus
590 711 728 805 bellici,
740 738 809 810 pro
826 711 929 786 loeu-
1030 803 1032 810 Ι

103 855 184 902 rum
205 829 419 906 conditione
439 829 568 924 multi,
584 830 648 906 sed
666 830 849 928 pedestres
861 828 932 902 mi-
1012 891 1015 896 .

93 943 178 1020 lites
191 973 284 1046 pars
296 947 478 1037 maxima3
503 948 551 1022 eb
563 974 646 1025 eam
662 973 826 1041 causam,
846 945 932 1048 quie

92 1085 341 1162 peromnem
356 1065 533 1141 Graeeiam
542 1065 659 1140 multo
673 1066 814 1167 majore
828 1091 933 1168 eges-

29 1237 33 1268 ,
103 1197 175 1259 tate
213 1183 365 1284 pabuli,
393 1182 572 1286 equitatus
596 1211 681 1260 usus
706 1184 930 1284 prohibetur.

29 1287 31 1348 j
94 1301 286 1380 Praeterea
311 1302 415 1379 fuere
435 1303 564 1399 multi,
590 1304 659 1408 qui
668 1304 719 1380 eb
738 1303 823 1379 artis
836 1303 934 1404 peri-

102 1422 195 1498 tiam
219 1423 414 1500 necessarii
437 1425 579 1500 nautico
603 1424 792 1525 apparatui
808 1423 933 1500 crede-

29 1511 32 1592 l
97 1538 253 1624 bantur.
277 1545 349 1618 Per
366 1541 466 1622 idem
488 1557 632 1641 tempus
651 1539 783 1642 Lycius
799 1545 932 1639 Sarpe-

29 1595 34 1736 l
98 1656 201 1754 don,
221 1687 344 1764 neque
360 1660 479 1760 pretio
491 1717 505 1755 ‚
517 1685 636 1761 neque
650 1658 766 1768 gratia
778 1657 934 1733 Phalidis

29 1817 31 1860 ³
99 1775 345 1854 Sidoniorum
356 1779 451 1883 regis
463 1777 559 1854 inlici
573 1763 709 1880 quivit,
724 1792 766 1851 ut
781 1777 932 1852 societa-

29 1915 31 2013 Ι
102 1910 184 1970 tem
197 1897 338 1972 militiae
350 1914 480 1972 nostrae
496 1898 664 1972 adversus
677 1896 856 1996 Troianos
870 1923 930 1972 se-

104 2031 296 2116 queretur.
315 2013 462 2116 Quippe
475 2041 587 2117 quem
599 2015 675 2116 jam
688 2013 853 2091 Priamus
863 2017 931 2092 do-

31 2197 33 2228 .
103 2133 161 2218 uis
177 2133 437 2234 amplioribus,
456 2133 571 2234 iisque
597 2151 721 2233 postea
742 2135 931 2234 duplicatis

31 2243 34 2383 l
105 2251 326 2327 fidissimum
351 2250 420 2326 sihi
437 2251 644 2330 retinuerat.
664 2252 847 2324 Omnium
863 2279 930 2326 au-

32 2385 34 2480 g
108 2385 184 2448 tem
196 2369 366 2446 classium
381 2391 580 2466 numerus,
599 2393 711 2470 quem
724 2394 770 2442 ex
781 2368 928 2446 diversis

32 2489 33 2540 3
109 2488 254 2566 Graeciae
266 2485 388 2589 reguis
404 2501 630 2564 contractum
645 2512 750 2586 supra
765 2487 928 2588 exposui·

109 2634 217 2704 mue,
245 2623 325 2683 toto
351 2602 600 2709 quinquennio
628 2622 848 2706 praeparatus
872 2606 929 2682 iu-

33 2715 35 2790 }
110 2741 335 2828 iuuenisque
357 2740 426 2801 est.
443 2727 496 2798 lta
517 2751 633 2828 quum
653 2725 751 2800 nulla
772 2725 849 2826 jam
870 2751 929 2801 res

34 2865 35 2876 ³
113 2845 376 2944 profectiunem
395 2843 462 2918 nisi
488 2844 647 2926 absentia
671 2843 796 2919 militis
817 2861 930 2920 retar-

118 2964 228 3060 daret,
240 2963 481 3044 cunetiduces
492 2963 603 3040 veluti
615 2964 719 3066 signu
735 2963 842 3058 dato,
856 2991 929 3041 una

84 3109 88 3122 ·
116 3097 212 3186 atque
223 3073 361 3164 eudem
375 3073 540 3186 tempore
550 3081 683 3202 Aulida
691 3081 889 3160 confluunt.
